2408 4132
354 474 649 530 EPIGRAMMA'I'ON
666 476 732 531 LIB.
751 477 799 531 111.
910 502 913 508 ·
1039 477 1078 540 'll

120 637 165 701 Et
188 641 337 720 quartum
361 638 478 702 recitas
503 642 534 701 et
558 639 705 723 quintum
730 638 866 722 denique
889 641 1013 723 βρῶμα.

163 725 300 790 Putidus
325 730 388 809 est,
410 727 530 790 totiens
554 728 582 790 si
605 726 687 790 mihi
709 727 804 812 ponis
828 749 950 810 aprum.

121 813 212 889 Quod
235 814 264 876 si
286 835 351 878 non
375 815 531 879 scombris
556 815 713 879 scelerata
734 819 885 898 poemata
909 815 1023 899 donas,

77 919 110 966 10
165 900 302 967 Cenabis
326 903 415 966 solus
438 903 517 986 iam,
539 902 707 988 Ligurine,
731 903 826 967 domi.

553 1061 606 1126 LI.

121 1165 201 1230 Cum
224 1165 340 1230 faciem
363 1165 474 1249 laudo,
497 1189 569 1230 cum
593 1166 693 1231 miror
716 1188 810 1231 crura
833 1189 1024 1250 manusque,

164 1254 292 1337 Dicere,
317 1252 427 1336 Galla,
449 1254 534 1319 soles
556 1253 671 1339 „Nuda
692 1255 828 1339 placebo
851 1256 988 1340 magis,“

119 1342 165 1407 Et
188 1363 314 1427 semper
336 1342 419 1405 vitas
444 1343 626 1407 communia
649 1343 766 1407 balnea
788 1343 891 1407 nobis.

163 1429 342 1514 Numquid,
366 1428 473 1508 Galla,
496 1432 606 1516 times,
627 1453 668 1495 ne
690 1431 753 1495 tibi
775 1451 843 1495 non
863 1432 1030 1515 placeam?

993 1628 996 1649 r
1015 1597 1066 1659 ,qtlll

544 1589 614 1654 un.
942 1636 1006 1690 M,

120 1696 242 1780 Empta
207 1695 379 1761 tdomus
401 1696 510 1761 fuerat
532 1696 608 1778 tibi,
631 1695 836 1797 Tongiliane,
859 1696 1018 1760 ducentis:
1073 1728 1125 1801 s

164 1785 313 1849 Abstulit
336 1785 473 1891 hanqw
440 1784 578 1849 nimium
600 1806 695 1849 casus
717 1785 751 1848 in
773 1785 853 1848 urbe
875 1783 1034 1868 frequens

122 1870 229 1938 Collat
215 1878 285 1936 tum
308 1877 358 1936 est
381 1853 494 1938 decres'
530 1873 638 1958 Rogo,
660 1894 727 1938 non
748 1877 806 1956 pot
808 1895 841 1937 es
863 1873 933 1958 ipse
957 1873 1059 1938 videri

163 1960 347 2026 Incendisse
370 1964 473 2045 tuam,
497 1960 703 2046 Tongiliane,
726 1961 877 2026 domum?
946 1981 949 1986 ·

536 2119 622 2183 LIII.

119 2227 164 2292 Et
186 2229 280 2292 vultu
301 2230 450 2310 poteram
472 2229 529 2290 tuo
553 2247 660 2291 carere

119 2315 165 2380 Et
179 2317 273 2411 collo
297 2314 509 2416 manibusque
532 2314 741 2396 cruribusque

119 2377 184 2467 Et
187 2405 338 2468 mammis
359 2403 555 2486 natibusque
578 2401 802 2486 clunibusque,

119 2491 177 2573 Et,
199 2514 240 2556 ne
264 2491 394 2577 singula
416 2491 566 2576 persequi
588 2490 747 2579 laborem,

93 2581 204 2645 oTota
227 2585 260 2644 te
282 2583 445 2663 poteram,
468 2577 583 2663 Chloe,
605 2599 722 2642 carere.

538 2736 622 2801 LIV.

120 2845 200 2911 (lum
221 2845 297 2910 dare
315 2866 382 2909 non
398 2843 521 2927 possim
536 2843 621 2928 quod
638 2841 759 2925 poscis,
774 2840 881 2925 Galla,
896 2845 1081 2927 rogantem,

164 2932 270 2998 Multo
295 2932 487 3019 simplicius,
510 2930 617 3015 Galla,
639 2951 759 3016 negare
782 2935 882 3014 potes.

547 3088 614 3154 LV.

120 3195 212 3271 Quod
236 3218 424 3281 quacunque
448 3195 552 3278 venis,
570 3194 724 3260 Cosmum
742 3193 884 3276 migrare
906 3197 1058 3278 putamus

163 3284 208 3349 Et
229 3286 327 3349 fluere
351 3306 483 3349 excusso
507 3283 657 3349 cinnama
679 3283 753 3347 fusa
775 3284 876 3364 vitro,

119 3372 205 3439 Nolo
229 3373 409 3459 peregrinis
431 3373 561 3457 placeas
584 3371 659 3454 tibi,
683 3369 768 3434 Gell
760 3392 791 3435 ra
796 3370 931 3454 ,nugis

165 3460 248 3540 Scis,
270 3465 364 3545 pute,
386 3482 482 3546 posse
505 3482 612 3525 meum
635 3459 682 3522 sic
704 3459 786 3522 bene
809 3458 895 3523 olere
918 3480 1038 3522 canem

538 3617 621 3682 LVI.

119 3723 170 3791 Sir
194 3726 333 3790 cisterna
355 3724 450 3807 mihi,
473 3746 570 3809 quam
594 3724 702 3808 vinea,
723 3723 811 3787 malo
832 3723 1034 3800 Rauennae,

163 3812 241 3879 Gom
261 3813 389 3901 possim
413 3814 519 3883 multo
543 3815 688 3883 uendere
709 3814 823 3904 pluris
845 3831 985 3896 aquarn.
