2408 4132
199 39 1196 76 ἡ

126 329 189 395 198
451 331 490 386 Μ.
509 329 591 385 VAL.
609 328 805 384 MARTIALIS

189 491 291 573 Have,
305 492 350 557 mi
359 492 487 573 Torani,
502 493 603 558 frater
618 492 792 557 carissime.
806 492 1029 576 Epigramma,
1044 491 1130 575 quod

124 584 214 644 extra
229 581 373 645 ordinem
387 582 581 667 paginarum
591 585 650 663 est,
660 581 699 644 ad
711 578 901 644 Stertinium
915 579 1130 645 clarissimum

123 669 228 732 virum
244 671 440 752 scripsimus,
454 670 509 752 qui
523 670 698 753 imaginem
713 690 819 732 meam
833 689 952 750 ponere
966 668 1001 732 in
1014 669 1131 735 biblio-

111 756 218 821 -theca
242 779 300 821 sua
318 757 429 823 voluit.
471 756 519 821 De
543 779 606 840 quo
631 756 833 820 scribendum
857 756 919 820 tibi
941 756 1066 841 putavi,
1089 780 1131 822 ne

98 843 300 929 signoraree,
314 843 431 910 Avitus
450 845 513 909 iste
532 845 604 930 quis
619 847 797 910 vocaretur.
819 843 901 908 Vale
922 847 954 908 et
972 866 1053 929 para
1070 845 1131 909 ho-

124 932 266 1016 spitium.

613 1035 639 1101 I.

168 1145 253 1210 Dum
276 1143 374 1209 Ianus
396 1143 531 1226 hiemes,
554 1143 759 1209 Domitianus
783 1147 969 1229 autumnos,

167 1233 334 1316 Augustus
358 1233 449 1296 annis
473 1232 692 1297 commodabit
715 1235 868 1314 aestates,

168 1317 253 1385 Dum
277 1321 398 1406 grande
420 1319 535 1384 famuli
557 1341 676 1384 nomen
698 1323 822 1384 asseret
844 1319 951 1386 Rheni

168 1408 432 1474 Germanicarum
456 1430 574 1494 magna
597 1409 653 1472 lux
675 1407 909 1490 Kalendarum,

97 1512 114 1562 o
168 1497 306 1580 Tarpeia
329 1497 446 1561 summi
471 1519 548 1560 saxa
571 1497 646 1560 dum
670 1496 772 1580 patris
797 1498 944 1581 stabunt,

166 1585 253 1649 Dum
277 1606 355 1650 voce
378 1585 513 1668 supplex
536 1584 674 1667 dumque
696 1589 768 1648 ture
791 1584 936 1667 placabit
1025 1581 1036 1600 ‘

166 1671 317 1738 Matrona
340 1672 432 1736 divae
456 1671 547 1735 dulce
570 1671 672 1736 Iuliae
694 1693 827 1736 numen:

167 1760 313 1824 Manebit
336 1761 439 1823 altum
461 1757 600 1843 Flaviae
618 1760 711 1824 decus
736 1760 842 1845 gentis

169 1847 251 1913 Cum
274 1848 343 1913 sole
367 1850 399 1912 et
422 1849 520 1912 astris
544 1870 679 1931 cumque
702 1849 773 1912 luca
795 1847 952 1913 Romana.

82 1953 114 2002 10
166 1937 293 2002 Invicta
316 1936 470 2020 quidquid
493 1937 635 2001 condidit
658 1958 785 2019 manus,
809 1937 890 2001 caeli
914 1941 972 2002 est.

603 2076 645 2142 H.

167 2183 295 2267 Pauper
317 2185 460 2249 amicitia
484 2206 556 2249 cum
580 2184 639 2266 sis,
662 2183 765 2268 Lupe,
787 2205 853 2248 non
876 2206 910 2248 es
934 2183 1072 2270 amicae,

212 2273 256 2337 Et
279 2273 424 2357 queritur
447 2273 485 2336 de
508 2276 541 2336 te
565 2272 710 2336 mentula
733 2273 804 2336 sola
825 2271 918 2337 nihil.

166 2361 231 2426 Illa
254 2361 410 2447 siligineis
434 2361 617 2444 pinguescit
640 2360 788 2424 adultera
811 2361 937 2441 cannis,

212 2449 388 2514 Convivam
411 2449 516 2534 pascit
539 2450 633 2534 nigra
654 2448 760 2512 farina
781 2453 887 2532 tuum,

98 2553 114 2602 5
167 2536 342 2602 Incensura
363 2537 454 2601 nives
478 2538 626 2601 dominae
650 2535 761 2601 Setina
783 2536 962 2621 liquantur,

212 2625 280 2688 Nos
303 2625 445 2688 bibimus
467 2625 561 2688 Tusci
585 2625 675 2708 pulla
697 2646 820 2689 venena
843 2624 926 2706 cadi,

167 2711 290 2796 Empta
312 2713 374 2776 tibi
396 2734 461 2776 nox
484 2717 533 2776 est
555 2712 663 2776 fundis
686 2735 752 2776 non
774 2715 845 2777 tota
868 2713 1028 2796 paternis,

212 2798 308 2863 Haud
330 2822 389 2864 sua
412 2800 556 2865 desertus
579 2823 655 2864 rura
678 2800 798 2865 sodalis
822 2804 907 2884 arat3

170 2887 325 2971 Splendet
347 2887 536 2971 Erythraeis
559 2888 722 2973 perlucida
746 2889 878 2953 moecha
901 2889 1039 2974 lapillis,

84 2993 114 3042 10
213 2975 350 3041 Ducitur
372 2976 529 3056 addictus,
552 2981 584 3040 te
608 2977 765 3058 futuente,
788 2977 902 3062 cliens,

169 3063 249 3128 Octo
274 3063 363 3147 Syris
387 3064 519 3128 suffulta
542 3066 636 3129 datur
657 3062 773 3129 lectica
796 3067 934 3147 puellae,

212 3151 343 3225 Nudum
367 3152 555 3238 sandapilae
578 3153 703 3237 pondus
726 3155 847 3218 amicus
871 3157 941 3218 erit.

168 3241 184 3304 I
207 3244 347 3305 nuncet
370 3242 517 3324 miseros,
541 3240 672 3326 Cybele,
696 3242 842 3325 praecide
865 3241 1029 3307 cinaedos:

211 3327 300 3393 Haeo
323 3333 406 3413 erat,
428 3330 509 3394 haec
532 3330 644 3395 cultris
668 3330 812 3394 mentula
835 3330 932 3415 digna
955 3330 1031 3396 tuis.

527 3491 532 3500 ·
596 3470 655 3537 ΙΠ.

160 3575 327 3650 Quantum
349 3577 417 3643 iam
442 3579 581 3666 superiS,
603 3577 736 3659 Caesar,
760 3520 1140 3743 caeloquu

192 3663 232 3730 Si
253 3671 393 3753 repetas
418 3672 506 3738 etsi
530 3670 672 3740 creditor
696 3691 770 3735 esse
788 3667 902 3744 uelis,¹¹
1132 3730 1151 3743 ,.
