2408 4132
141 469 204 534 148
465 468 503 523 n.
523 467 602 522 vnn⁴
622 466 816 525 1111111111

554 628 729 694 LXXXVI.

184 719 329 786 Setinum
352 719 561 802 dominaeque
584 720 673 783 nives
697 718 850 801 densique
873 718 1019 796 trientes,

228 807 361 884 Quando
385 828 445 892 ego
469 829 527 872 vos
550 807 673 870 medico
691 826 758 870 non
775 806 966 888 prohibente
984 806 1124 873 bibam?

185 894 311 961 Stultus
334 901 367 960 et
389 896 537 980 ingratus
560 917 618 960 nec
640 897 732 958 tanto
756 915 886 958 munere
909 894 1041 979 dignus,

228 984 290 1060 Qui
313 983 438 1048 mavult
460 984 554 1048 heres
578 981 687 1047 diuitis
711 1004 781 1047 esse
803 980 918 1062 Midae.

158 1070 352 1137 5Possideat
374 1069 513 1154 Libycas
537 1092 658 1135 messes
681 1069 900 1154 Hermumque
918 1070 1128 1158 Tagumque,

227 1160 272 1225 Et
295 1163 387 1243 potet
409 1160 549 1244 caldam,
573 1159 628 1242 qui
650 1159 730 1222 mihi
750 1159 844 1243 livet,
867 1180 993 1242 aquam.

546 1288 738 1355 LXXXVII.

182 1378 225 1442 Di
247 1379 309 1443 tibi
334 1379 411 1443 dent
433 1384 467 1444 et
488 1384 538 1457 tu,
562 1377 693 1461 Caesar,
717 1400 924 1462 quaecunque
946 1382 1097 1445 mereris:

226 1467 269 1531 Di
293 1467 374 1531 mihi
399 1467 475 1532 dent
498 1470 531 1531 et
552 1471 603 1550 tu,
625 1489 707 1550 quae
731 1467 820 1547 volo,
843 1467 872 1530 si
894 1468 1005 1532 merui.

538 1598 746 1663 LXXXVIII.

183 1686 277 1749 Mane
301 1685 439 1751 salutavi
461 1708 538 1751 vero
562 1691 595 1751 te
617 1689 747 1752 nomine
771 1709 861 1769 casu,

226 1773 294 1838 Nec
317 1774 384 1838 dixi
407 1775 585 1858 dominum,
609 1775 804 1857 Caeciliano,
827 1797 944 1840 meum.
1025 1792 1043 1858 s

184 1862 302 1937 Quanti
317 1861 460 1937 ‚libertas
484 1866 613 1927 constat
635 1864 714 1927 mihi
736 1867 844 1947 tanta,
867 1864 1025 1948 requiris?

227 1948 364 2015 (lentum
388 1951 583 2033 quadrantes
607 1950 743 2016 abstulit
764 1952 823 2015 illa
847 1952 936 2018 mihi.

556 2081 730 2146 LXXXIX.
782 2081 796 2088 ”

184 2168 264 2234 Cum
287 2173 413 2254 peteret
435 2192 541 2235 seram
563 2171 668 2235 media
690 2172 757 2235 iam
779 2175 873 2237 nocte
897 2171 1063 2237 matellam

227 2257 355 2342 Arguto
380 2258 527 2323 madidus
549 2259 667 2343 pollice
690 2257 882 2343 Panaretus,

185 2345 352 2430 Spoletina
374 2347 451 2412 data
474 2351 536 2431 cst,
560 2348 615 2411 sed
639 2370 735 2431 quam
759 2348 936 2431 siccaverat
958 2348 1042 2433 ipse,

227 2432 294 2499 Nec
317 2434 424 2499 fuerat
447 2435 508 2500 soli
531 2438 603 2499 tota
625 2436 746 2519 lagona
769 2436 859 2500 satis.

157 2521 244 2587 ollle
266 2523 329 2587 fide
352 2546 477 2588 summa
498 2527 601 2588 testae
626 2546 685 2588 sua
707 2525 783 2588 uina
805 2545 969 2588 remensus

227 2611 376 2675 Reddidit
400 2611 576 2694 oenophori
598 2612 741 2696 pondera
762 2612 860 2695 plena
882 2613 940 2677 sul.

182 2697 326 2782 Miraris,
350 2703 504 2782 quantum
526 2700 667 2784 biberat,
690 2700 813 2785 cepisse
834 2700 1010 2786 lagonam?
1040 2702 1042 2706 ’

226 2785 345 2850 Desine
368 2788 493 2870 mirari,
516 2787 612 2852 Rufe:
636 2811 759 2854 merum
783 2789 918 2854 biberat.

611 2919 677 2984 XC.

182 3004 354 3071 Moechum
378 3004 483 3069 Gellia
504 3027 568 3071 non
591 3008 691 3072 habet
713 3008 776 3073 nisi
799 3032 908 3076 uuum.

183 3094 288 3178 Turpe
311 3093 446 3189 cstthoc
469 3096 588 3176 magis:
611 3118 691 3161 uxor
714 3100 764 3161 est
788 3098 931 3162 duorum.

603 3226 686 3292 XCI.

184 3312 303 3379 Sancta
326 3314 414 3379 ducis
439 3313 555 3378 summi
578 3315 730 3398 prohibet
752 3339 888 3383 censura
909 3322 1061 3403 vetatque

227 3401 401 3467 Moechari.
439 3401 564 3486 Gaude,
588 3402 688 3486 Zoilo,
711 3427 776 3470 non
798 3405 909 3470 futuis.

183 3619 336 3687 Caelatus
359 3623 421 3688 tibi
443 3645 516 3689 cum
539 3534 780 3708 stilliana,

184 3709 321 3794 Serpens
343 3711 379 3775 in
401 3716 513 3795 patera
535 3712 689 3797 Myronos
713 3717 796 3799 arte,
956 3756 965 3777 .-

179 3795 339 3865 Vatr'cana
365 3799 465 3868 bibis:
490 3801 577 3869 bibis
600 3824 769 3871 uenenum.
905 3808 934 3857 ·ἰ
