2408 4132
345 435 640 492 EPIGRAMMATON
658 437 727 493 LlB.
745 437 792 492 lIl.
1031 438 1075 504 65

518 597 622 663 XXII.

111 702 269 787 Dederas,
291 702 400 787 Apici,
424 703 474 767 bis
497 703 670 768 trecenties
692 705 811 789 ventri,

112 791 158 855 Et
181 792 285 857 adhue
308 796 474 945 supererat
497 798 570 857 cent
556 793 617 857 ties
640 793 702 857 tibi
724 793 844 858 laxum.

112 879 183 944 Hoc
205 883 242 943 tu
265 884 382 965 gravat
382 901 420 944 us
443 885 480 944 ut
466 879 621 944 tfamem
644 884 742 945 att
699 882 742 945 sit
742 883 786 944 im
809 881 895 946 ferre
935 889 937 893 '
969 937 972 944 .

115 967 248 1032 Sllmma
270 990 427 1032 venenum
449 968 625 1054 potionep
628 970 762 1035 erduxti.

52 1053 170 1121 aNil
193 1059 243 1120 est
246 1055 388 1141 ,Apici,
411 1056 472 1120 tibi
495 1057 641 1141 gulosius
664 1057 731 1122 feet
717 1061 795 1121 t.um

512 1232 633 1297 XXIII

39 1324 230 1402 Omnia
253 1359 325 1401 eum
347 1341 434 1402 retro
457 1339 565 1422 pueris
590 1340 725 1404 obsonia
748 1340 873 1425 tradas,

158 1426 223 1491 Gur
245 1447 311 1490 non
333 1448 445 1490 mense
467 1427 529 1490 tibi
551 1428 684 1510 ponitur
706 1450 726 1492 a
748 1411 983 1513 pedibusrs

510 1603 629 1668 XXIV.

15 1766 19 1781 ,
116 1710 188 1775 Vite
210 1729 329 1774 nocens
352 1729 428 1773 rosa
443 1677 562 1773 ‘stabat
583 1711 759 1775 moriturus
784 1711 824 1775 ad
848 1732 920 1776 aras

157 1798 289 1880 Hirrus,
311 1796 449 1880 Bacche,
472 1796 536 1861 tuis
559 1797 694 1863 victime
717 1803 812 1884 grata
833 1799 924 1864 focis.

114 1887 217 1964 Quem
241 1885 363 1949 Tuscus
387 1888 528 1949 mactare
552 1885 611 1950 dee
635 1908 707 1951 cum
731 1888 830 1951 vellet
855 1887 1030 1973 haruspex,

157 1974 293 2039 Dixerat
316 1974 438 2056 agresti
460 1973 546 2038 forte
568 1976 703 2059 rudique
726 1975 810 2060 viro,

87 2063 160 2129 eUa
182 2064 246 2129 cite
269 2061 436 2126 testiculos
460 2065 492 2125 et
515 2067 611 2127 acute
633 2064 715 2128 falce
738 2067 876 2147 secaret,

157 2151 274 2215 Taeter
295 2153 333 2214 ut
356 2150 540 2214 immundae
564 2154 669 2214 earnis
693 2151 798 2215 abiret
821 2153 909 2216 oder.
1009 2205 1020 2222 .

112 2239 187 2324 Ipse
211 2261 306 2323 super
328 2239 447 2302 virides
472 2260 545 2302 aras
568 2239 726 2304 luctantia
749 2261 870 2323 pronus

157 2327 243 2392 Dum
266 2329 392 2391 resecat
414 2327 519 2390 cultro
543 2327 627 2391 colla
650 2330 832 2412 premitque
855 2350 966 2411 manu,

112 2417 233 2503 Ingens
256 2415 349 2479 iratis
372 2414 523 2498 apparuit
544 2415 658 2480 hirnea
682 2416 792 2480 sceris.

70 2524 104 2573 ιο
158 2504 301 2586 Occupat
322 2504 406 2567 hanc
428 2503 513 2567 ferro
537 2504 677 2568 rusticus
701 2508 797 2588 atque
822 2507 921 2588 secat,

112 2593 185 2658 Hoc
208 2596 299 2656 ratus
322 2592 471 2676 antiquos
496 2613 661 2656 sacrorum
684 2615 816 2676 poscere
838 2594 920 2657 ritus

158 2681 293 2745 Talibus
317 2683 350 2744 et
372 2679 463 2744 fibris
486 2681 619 2745 numina
642 2681 750 2767 prisea
773 2682 845 2746 coli.

114 2769 181 2853 Sic,
200 2769 296 2834 modo
316 2769 371 2851 qui
385 2769 507 2833 Tuscus
526 2768 647 2853 fueras,
666 2791 752 2835 nune
767 2768 881 2835 Gallus
900 2770 1074 2854 haruspex,

157 2858 244 2923 Dum
266 2857 395 2940 iugulas
418 2857 558 2942 hircum,
580 2857 686 2922 factus
710 2880 743 2923 es
766 2858 837 2943 ipse
860 2881 963 2943 caper.

522 3032 623 3098 XXV.

114 3140 149 3204 Si
171 3139 345 3242 temperari
368 3139 519 3203 balneum
543 3140 633 3225 cupis
656 3140 845 3225 fervens„

112 3227 225 3293 Faust
200 3234 282 3311 tine,
306 3227 443 3311 quod
414 3251 467 3292 mx
490 3228 693 3315 Iulianusin
694 3234 841 3313 traret,.·

113 3317 219 3401 Roga,
242 3317 383 3399 lavetur,
406 3306 570 3380 rhetorem
594 3314 789 3381 Sabineium.

113 3405 315 3469 Neronianas
338 3404 391 3468 hic
413 3403 587 3489 refrigerat
573 3407 763 3470 t.thermas

517 3580 634 3645 XXVI.

113 3685 248 3750 Praedia
271 3687 359 3751 solus
381 3686 483 3751 habes
506 3692 539 3752 et
562 3689 665 3771 selus,
684 3687 837 3773 Candide,
860 3711 1021 3772 nummos,

156 3775 267 3838 Aurea
288 3776 377 3840 solus
399 3775 516 3863 habes,
538 3776 687 3843 murrina
708 3777 803 3843 selus
816 3777 951 3858 habes,

111 3887 191 3927 Maur,
934 3883 957 3928 b
