2408 4132
138 450 184 514 34
466 450 503 505 M.
522 450 604 505 Vnt.
623 449 820 506 MARTIALIS

184 610 259 677 Una
281 613 442 677 lavamur:
466 613 584 698 aspicit
606 613 689 677 nihil
712 636 853 698 sursum,

186 699 249 764 Sed
272 704 399 785 spectat
422 703 521 766 oculis
546 702 775 767 devorantibus
799 704 934 768 draucos

184 787 253 853 Nee
276 790 389 855 otiosis
413 790 574 853 mentulas
598 790 685 854 videt
707 789 817 854 labris.

185 875 320 952 Quaeris
344 878 416 961 quis
439 877 493 942 hic
517 878 583 941 sit?
619 879 750 944 Excidit
773 880 854 944 mihi
876 902 1003 944 nomen.

575 1008 708 1076 XCVII.

184 1105 266 1172 (lum
281 1107 424 1172 clamant
438 1128 563 1190 omnes,
578 1109 718 1192 loqueris
732 1113 822 1192 tune,
831 1107 991 1192 Naevole,
1004 1111 1149 1194 tantum,

227 1198 268 1259 Et
291 1199 324 1259 te
346 1198 521 1278 patronum
544 1197 803 1280 causidicumque
820 1200 926 1280 putas.

182 1282 255 1347 Hac
277 1284 403 1347 ratione
426 1287 535 1366 potest
558 1306 653 1348 nemo
675 1307 740 1349 non
765 1306 834 1348 esse
857 1285 1005 1350 disertus.

226 1371 325 1454 Eece,
347 1374 456 1435 tacent
479 1393 605 1436 omnes:
628 1372 785 1458 Naevole,
809 1373 859 1437 dic
883 1373 1012 1458 aliquid.

567 1510 716 1578 XCVIII.

183 1617 307 1702 Litigat
331 1623 363 1683 et
385 1618 531 1702 podagra
554 1617 730 1701 Diodorus,
752 1617 879 1703 Flacco,
901 1620 1038 1686 laborat

229 1705 292 1770 Sed
314 1706 362 1769 nil
384 1710 523 1789 patrono
547 1707 700 1790 porrigit:
723 1707 803 1772 haec
826 1709 982 1794 cheragra
1004 1713 1064 1774 est
1185 1721 1188 1728 '

587 1845 699 1912 XCIX.

182 1951 260 2016 Non
283 1953 414 2036 plenum
439 1952 534 2017 modo
558 1951 657 2016 vicies
681 1953 837 2033 habebas,

184 2040 248 2105 Sed
270 2045 340 2105 tam
362 2040 517 2125 prodigus
540 2045 637 2124 atquc
659 2041 804 2106 liberalis

182 2130 229 2193 Et
251 2133 320 2193 tam
343 2130 451 2193 lautus
475 2151 561 2213 eras,
585 2128 716 2213 Calene,
739 2133 776 2194 ut
799 2152 910 2195 omnes

183 2215 342 2301 Optarent
364 2217 425 2281 tibi
448 2218 569 2282 centies
593 2218 697 2283 amici.

156 2305 285 2370 obudit
306 2312 383 2370 vota
406 2307 483 2370 deus
506 2328 680 2391 precesque
702 2308 832 2372 nostras

182 2396 292 2478 Atque
315 2394 414 2478 intra,
437 2397 530 2477 puto,
554 2397 709 2479 septimas
732 2394 895 2458 Kalendas

182 2483 305 2547 Mortes
327 2484 390 2548 hoc
412 2483 473 2546 tibi
497 2486 652 2567 quattuor
674 2482 837 2547 dederunt.

181 2570 229 2634 At
250 2574 288 2633 tu
312 2570 357 2635 sic
381 2571 474 2654 quasi
495 2593 561 2634 non
583 2571 669 2636 foret
690 2572 852 2654 relictum,

183 2658 246 2722 Sed
270 2662 400 2741 raptum
423 2658 486 2722 tibi
509 2658 644 2741 cantica,
667 2658 765 2722 abisti

139 2746 221 2811 loln
242 2749 370 2810 tantam
393 2747 491 2809 miser
514 2747 736 2830 esuritionem,

180 2834 228 2898 Ut
250 2833 398 2898 convivia
421 2835 672 2918 sumptuosiora,

181 2922 265 2986 Toto
289 2943 369 3006 quae
393 2923 493 2985 semel
516 2944 654 3006 apparas
677 2923 712 2985 in
735 2945 832 3006 auno,

181 3010 304 3095 Nigrae
328 3009 477 3074 sordibus
500 3010 638 3095 explices
662 3013 823 3094 monetae,

180 3099 226 3162 IIt
249 3102 374 3181 septem
396 3103 520 3163 veteres
543 3099 591 3163 tui
614 3099 740 3164 sodales

136 3202 170 3251 15
181 3186 375 3252 Constemus
398 3187 460 3250 tibi
483 3188 634 3270 plumbea
657 3187 783 3252 selibra.

181 3274 265 3350 Quid
287 3275 421 3360 dignum
443 3275 568 3339 meritis
591 3296 757 3359 precemur
779 3275 875 3340 istis?

181 3362 339 3448 Optamus
362 3362 425 3427 tibi
448 3363 567 3446 milies,
591 3362 717 3428 Calene.

181 3452 252 3518 Hoc
275 3452 304 3515 si
327 3451 513 3536 eontigerit,
535 3452 621 3516 fame
643 3452 773 3536 peribis.

620 3592 654 3658 O.

101 3684 112 3719 Χ
178 3699 339 3765 Mammas
359 3703 455 3786 atque
477 3702 565 3764 tatas
588 3700 687 3764 habet
706 3700 800 3783 Afra,
824 3699 880 3764 sed
901 3699 975 3783 ipsa
996 3704 1140 3767 tatarum

214 3787 295 3852 Diei
316 3791 350 3852 et
371 3811 590 3855 mammarum
613 3788 755 3855 maxima
776 3810 919 3853 mamma
940 3791 1057 3871 potest.
1079 3840 1096 3883 s

944 3568 1020 3595 ..Lx
