2408 4132
64 438 67 442 ’
118 467 160 532 48
444 464 480 518 u.
499 464 580 519 van.
600 462 796 518 nanninus

554 624 685 689 xxxv.
730 592 875 695 Χ

89 743 125 807 k
161 731 242 798 (lum
266 731 331 794 sint
354 753 447 797 crura
470 731 532 795 tibi
552 730 706 795 simulent
729 752 809 814 quae
828 752 950 796 cornua
971 727 1085 817 lunae,

204 818 244 883 In
265 819 375 902 rhytio
398 823 544 904 poteras,
567 818 710 901 Phoebe,
734 819 843 882 lavare
866 819 973 903 pedes.
1032 911 1036 918 .

308 920 362 951 'V

544 949 693 1023 XXXVI.

161 1057 305 1122 Flectere
329 1060 361 1121 te
383 1056 498 1139 nolim,
521 1057 576 1120 sed
599 1077 658 1119 nec
680 1055 813 1120 turbare
838 1056 991 1142 capillos3
1083 1064 1087 1069 ’

205 1143 379 1229 Splendida
402 1144 445 1208 sit
466 1145 558 1226 nolo,
581 1143 710 1208 sordida
731 1145 808 1208 nolo
830 1144 931 1227 cutis3

160 1232 228 1297 Nec
250 1233 311 1298 tibi
334 1232 505 1296 mitrarum
526 1253 585 1296 nec
608 1231 651 1295 sit
672 1231 736 1295 tibi
758 1232 861 1295 barba
884 1253 1027 1297 reorum:

203 1319 289 1386 Nolo
312 1321 416 1384 virum
438 1319 588 1402 nimium,
611 1319 797 1403 Pannyche,
818 1318 896 1384 nolo
919 1342 1043 1403 parum.

134 1408 253 1474 oNunc
276 1411 351 1472 sunt
374 1430 468 1472 crura
490 1407 565 1492 pilis
589 1410 622 1471 et
645 1410 721 1471 sunt
743 1407 805 1472 tibi
828 1410 960 1490 pectora
982 1410 1084 1475 saetis

203 1495 358 1578 Horrida,
382 1497 437 1560 sed
459 1516 550 1560 mens
573 1499 637 1578 est,
659 1494 848 1579 Pannyohe,
871 1497 963 1561 volsa
985 1497 1058 1564 tibi.

539 1635 704 1702 XXXVII.
808 1692 933 1745 Ὗ

160 1733 322 1818 Quidquid
345 1734 476 1818 ponitur
499 1733 574 1798 hinc
597 1737 630 1797 et
651 1733 725 1797 inde
749 1735 866 1819 verris,
934 1742 993 1793 Χ,

133 1834 135 1838 ’
159 1821 318 1887 Mammas
343 1789 489 1886 suminis(
500 1821 729 1906 imbricemque
752 1821 844 1905 porci

11 1919 59 1961 'w
159 1909 433 1994 Communemque
456 1909 580 1975 duobus
604 1915 804 1994 attagenam,

159 1998 297 2063 Mullum
320 1998 487 2062 dimidium
510 1998 685 2082 lupumque
707 2002 813 2063 totum

133 2085 395 2170 cMuraenaeque
418 2086 505 2149 latus
527 2085 694 2170 femurque
717 2085 800 2169 pulli

160 2173 409 2259 Stillantemque
433 2175 516 2238 alica
540 2195 598 2238 sua
620 2174 820 2259 palumbum.

158 2261 247 2327 Haec
271 2285 342 2328 cum
366 2262 496 2328 condita
518 2265 595 2327 sunt
618 2262 767 2326 madente
790 2284 923 2346 mappa,

158 2351 341 2415 Traduntur
363 2373 463 2436 puero
487 2351 618 2414 domum
640 2349 787 2415 ferenda:

158 2438 227 2504 Nos
252 2439 470 2505 accumbimus
494 2439 601 2503 otiosa
622 2440 727 2503 turba.

117 2543 148 2592 10
158 2526 253 2591 Ullus
277 2528 306 2591 si
327 2527 432 2612 pudor
455 2531 516 2610 est,
539 2548 658 2611 repone
681 2547 808 2591 cenam:

158 2612 237 2678 Cras
259 2618 307 2698 te,
331 2613 525 2698 Caeciliana,
547 2636 613 2679 non
636 2615 757 2680 vocavi.

528 2754 711 2819 XXXVIII.

158 2861 243 2937 Quid
265 2861 345 2925 mihi
366 2861 480 2925 reddat
503 2882 582 2946 ager
601 2861 741 2946 quaeris,
759 2859 853 2944 Line,
872 2860 1123 2928 Nomentanus?

201 2948 272 3014 Hoc
295 2949 375 3013 mihi
397 2950 503 3014 reddit
526 2971 617 3035 ager:
640 2954 687 3034 te,
709 2948 802 3028 Line,
824 2971 891 3015 non
913 2949 1017 3016 video.
1142 3032 1145 3036 .

543 3089 691 3155 XXXIX.

159 3194 294 3260 Coccina
316 3196 460 3261 famosae
484 3196 585 3260 donas
609 3201 641 3260 et
664 3196 813 3261 ianthina
836 3195 1003 3260 moechae:

201 3282 261 3347 Vis
284 3284 360 3348 dare
384 3306 464 3368 quae
488 3285 607 3348 meruit
630 3306 776 3368 munera,
799 3285 895 3349 mitte
917 3287 1041 3370 togam.

584 3424 649 3489 XL.

159 3529 217 3595 Uri
240 3529 408 3614 Tongilius
431 3530 514 3593 male
538 3529 654 3593 dicitur
677 3528 893 3594 hemitritaeo.

201 3616 288 3682 Novi
309 3618 449 3682 hominis
471 3617 616 3681 fraudes:
640 3618 742 3681 esunt
765 3621 862 3701 atque
886 3617 965 3682 sitit.

71 3704 75 3713 “
156 3703 299 3771 Subdola
322 3707 497 3771 tenduntur
520 3705 637 3771 crassis
660 3726 745 3770 nunc
767 3708 851 3770 retia
873 3706 990 3788 turdis,
1086 3773 1093 3785 ,

183 3792 319 3860 Hamus
343 3796 437 3861 etin
460 3794 602 3861 mullum
624 3793 767 3860 mittitur
790 3799 888 3878 atque
909 3794 1032 3879 lupum.
1058 3757 1163 3922 qai&
