2408 4132
356 447 801 506 ne1cnunnuuonnss.v1‚
1019 449 1081 515 131

123 609 246 675 Versus
270 611 409 674 seribere
433 612 489 694 qui
510 614 621 695 potest
644 611 797 696 disertos,

111 697 480 777 -Conscribat‚11'aberi:
503 699 608 763 virum
631 700 763 783 putabo.

546 857 616 922 XV.

123 963 209 1027 Dum
231 961 457 1028 Phaethontea
478 963 616 1029 formica
637 967 777 1049 vagatur
797 963 831 1028 in
854 964 983 1047 umbra,

167 1051 320 1134 Inplicuit
343 1055 472 1115 tenuem
496 1052 606 1117 sucina
630 1056 725 1138 gutia
747 1052 858 1116 feram.

125 1138 177 1203 Sic
201 1140 296 1204 modo
321 1161 401 1222 quae
423 1140 531 1204 fuerat
552 1140 622 1205 vita
643 1144 829 1224 contempta
851 1143 1014 1224 manente,

166 1226 346 1292 Funeribus
369 1227 458 1292 facta
480 1232 531 1292 esi
552 1251 636 1293 nune
659 1228 803 1314 pretiosa
825 1228 901 1293 suis.

537 1386 624 1453 XVI.

124 1493 172 1557 Tu
196 1493 251 1578 qui
273 1515 354 1576 pene
377 1492 464 1558 viros
487 1497 589 1558 terres
613 1497 645 1556 et
668 1493 750 1557 falce
774 1492 937 1576 cinaedos,

165 1581 283 1666 Iugera
306 1583 440 1666 sepositi
462 1603 564 1666 pauca
585 1584 677 1646 tuere
700 1582 770 1647 soli.

124 1668 175 1734 Sic
197 1673 256 1734 ina
278 1691 343 1734 non
367 1671 491 1735 intrent
513 1670 614 1736 vetuli
636 1669 783 1752 pomaria
805 1669 908 1746 fures,

168 1756 231 1822 Sed
252 1780 332 1841 puer
355 1761 388 1823 ei
411 1757 519 1844 longis
542 1758 676 1842 pulchra
698 1758 809 1842 puella
831 1757 940 1823 comis.

528 1916 632 1982 XVII.

122 2021 271 2105 Cinnam,
294 2020 461 2104 Ginname,
484 2026 517 2087 te
540 2022 631 2085 iubes
654 2019 772 2085 vocari.

122 2110 197 2175 Non
221 2113 270 2174 esi
292 2110 358 2193 hic,
381 2130 475 2195 rogo,
499 2107 616 2192 Cinna,
640 2107 882 2172 barbarismus?

122 2199 171 2262 Tu
195 2199 223 2263 si
244 2197 361 2264 Furius
385 2196 587 2261 antedictus
611 2217 712 2278 esses,

121 2286 186 2350 Fur
208 2286 273 2350 istc
295 2286 422 2350 ratione
445 2283 604 2349 dicereris.

521 2441 640 2508 XVIII.

123 2550 241 2616 Sancta
265 2548 412 2614 Salonini
433 2547 530 2612 terris
553 2547 726 2631 requiescit
747 2545 893 2629 Hiberis,

167 2639 238 2715 Qua
260 2638 376 2703 melior
399 2635 531 2722 Stygias
554 2657 620 2701 non
641 2635 730 2699 videt
752 2635 868 2699 umbra
891 2633 1011 2702 domos.

122 2726 183 2791 Sed
206 2728 317 2811 lugere
340 2725 444 2790 nefas:
466 2747 543 2789 nam
567 2723 622 2808 qui
644 2727 691 2807 te,
713 2723 836 2805 Prisce,
858 2723 1004 2807 reliquit,

166 2815 257 2879 Vivit
280 2837 342 2898 quc
364 2813 467 2878 voluit
488 2813 596 2878 vivere
619 2815 711 2896 parte
734 2811 848 2897 magis.

535 2971 621 3036 XIX.

119 3081 195 3146 Non
219 3081 257 3144 de
279 3080 313 3145 vi
335 3101 439 3163 neque
462 3078 558 3143 caede
580 3099 639 3142 nec
661 3098 797 3161 venene,

122 3169 183 3234 Sed
206 3169 248 3233 lis
272 3171 322 3232 est
344 3166 424 3232 mihi
447 3166 485 3232 de
508 3166 614 3230 tribue
637 3165 783 3248 capellis:

119 3257 226 3322 Vicini
250 3277 365 3341 queror
387 3255 447 3320 has
470 3255 583 3319 abesse
605 3253 703 3317 furto.

118 3345 190 3411 Hoc
212 3345 307 3409 iudex
330 3344 394 3409 sibi
417 3343 561 3427 postulat
583 3341 730 3427 probari:

93 3435 168 3499 5Tu
192 3432 320 3499 Cannas
344 3431 664 3513 Mithridaticumque
687 3428 809 3492 bellum

118 3524 164 3587 Ec
187 3522 329 3608 periuria
350 3519 463 3584 Punici
485 3518 604 3583 furoris

118 3612 164 3675 nt
187 3610 294 3675 Sullas
317 3608 501 3692 Mariosque
524 3605 712 3687 Muciosque

118 3699 239 3784 Magna
261 3719 338 3763 voce
362 3717 458 3761 sonas
481 3714 640 3776 manuque
664 3695 743 3755 tota.

118 3789 188 3853 Iam
213 3787 274 3871 dic,
295 3785 464 3869 Postume,
488 3783 528 3850 de
549 3781 658 3858 Iribus
681 3777 831 3867 ccneIIis.
913 3873 953 3928 ῳ
