2408 4132
135 447 201 511 274
460 447 497 501 Μ.
517 445 597 501 vnn.
617 444 815 500 nnarmms

180 608 242 674 Sed
265 610 344 673 flens
368 611 465 692 atque
488 629 619 692 gemens
642 609 728 672 tanti
750 612 848 692 negat
871 629 940 672 esse
966 608 1111 673 salutem

224 695 327 781 Seque
350 696 449 761 refert
471 697 579 778 potius
603 696 810 779 proposuisse
833 696 924 761 mori.

153 785 239 851 5Vir
261 789 369 868 rogat,
392 788 429 848 ut
452 784 542 849 vivat
564 784 683 850 virides
706 806 766 849 nec
789 785 917 848 deserat
941 806 1057 869 11111,

223 873 268 938 m
289 874 372 956 fieri,
396 873 568 957 quodiam
591 896 657 938 non
680 873 759 937 facit
780 872 864 957 ipse,
888 873 973 936 sinit.

178 962 331 1027 Protinus
355 961 509 1025 accedunt
532 961 648 1025 medici
670 961 875 1046 medicaeque
897 961 1065 1041 recedunt,

224 1050 459 1133 Tollunturque
481 1049 588 1134 pedes.
626 1049 652 1114 Ο
677 1049 836 1113 medicina
859 1049 982 1134 gravis!

570 1189 700 1255 LXXII.

179 1295 298 1361 Drauci
320 1294 423 1360 Natta
446 1297 495 1359 sui
517 1300 613 1361 vocat
635 1296 817 1383 pipinum,

179 1383 323 1448 Collatus
348 1387 399 1448 cui
423 1383 538 1448 Gallus
563 1389 612 1448 est
635 1385 782 1467 Priapus

566 1524 712 1591 LXXllI.

177 1631 359 1696 Venturum
381 1631 469 1696 iuras
494 1653 618 1714 semper
641 1632 734 1713 mihi,
757 1632 881 1718 Lygdo,
905 1633 1035 1718 roganti

223 1717 467 1804 Constituisque
490 1720 605 1784 horam
629 1720 862 1805 constituisque
885 1722 1000 1786 locum.

179 1808 260 1873 Cum
283 1809 406 1872 frustra
427 1808 512 1872 iacui
535 1808 634 1892 longa
656 1810 821 1894 prurigine
844 1813 968 1893 tentus,

224 1894 387 1960 Succurrit
409 1918 468 1981 pro
492 1900 524 1959 tc
548 1918 642 1982 saepe
667 1898 799 1961 sinistra
822 1898 910 1962 mihi.

153 1984 263 2061 aQuid
286 2006 410 2068 precer,
435 2006 453 2048 o
476 1984 588 2064 fallax,
611 1986 736 2050 meritis
761 1990 793 2050 et
816 1986 959 2050 moribus
982 1987 1080 2053 istis?

222 2071 407 2137 Umbellam
429 2073 550 2156 luscae,
572 2072 695 2158 Lygdo,
718 2075 803 2138 feras
828 2073 984 2140 dominae.

565 2212 710 2278 LXXIV.

179 2319 362 2386 Curandum
385 2341 500 2403 penem
524 2320 686 2384 commisit
710 2319 851 2384 Baccara
874 2319 995 2385 Raetus

223 2409 330 2473 Rivali
354 2409 486 2473 medice.
523 2408 665 2473 Baccara
689 2406 802 2472 Gallus
826 2409 896 2472 erit.

574 2549 702 2614 LXXV.
779 2563 781 2566 ’

178 2655 286 2720 Theca
307 2659 411 2720 tectus
436 2656 558 2720 ahenea
581 2656 710 2721 lavatur

179 2744 312 2826 Tecum,
336 2743 459 2827 Caelia,
484 2767 610 2828 servus,
634 2748 670 2808 ut
694 2744 782 2829 quid,
807 2766 876 2825 oro,

177 2830 253 2895 Non
277 2832 319 2894 sit
342 2853 413 2895 cum
438 2832 641 2897 citharoedus
665 2836 722 2896 aut
745 2832 935 2900 choraules?

177 2918 254 2983 Non
277 2919 339 3000 vis,
362 2922 399 2982 ut
421 2922 514 3003 puto,
538 2922 713 2984 mentulam
737 2921 852 2985 videre.

153 3005 284 3083 cQuarc
307 3028 379 3070 cum
401 3009 521 3091 populo
545 3008 663 3074 lavaris
688 3010 786 3093 ergo?

180 3095 299 3160 Omnes
323 3117 365 3158 an
387 3094 448 3159 tibi
471 3117 530 3160 nos
555 3118 665 3161 sumus
691 3097 874 3181 spadones?

178 3184 281 3269 Ergo,
303 3206 343 3248 ne
367 3183 503 3248 videaris
526 3185 681 3268 invidere,

178 3271 291 3356 Servo,
315 3270 438 3356 Caelia,
460 3273 594 3338 fibulam
618 3273 755 3340 remitte.

565 3413 709 3479 LXXVI.

179 3518 324 3606 Solvere,
347 3520 459 3600 Paete,
483 3520 592 3585 decem
613 3521 676 3585 tibi
700 3545 750 3585 me
775 3523 924 3587 sestertia
947 3525 1052 3610 cogis,

222 3609 401 3673 Perdiderit
425 3611 577 3693 quoniam
600 3608 706 3674 Bucco
730 3610 867 3674 ducenta
888 3612 958 3676 tibi.

177 3696 227 3761 Ne
250 3703 400 3780 noceant,
424 3719 494 3784 111,
517 3697 599 3763 mihi
619 3721 685 3763 non
708 3721 780 3763 mea
802 3699 949 3764 crimina:
973 3703 1009 3764 tu
1034 3703 1094 3787 qui

211 3784 275 3852 Bis
298 3783 438 3856 centena
459 3791 553 3877 potes
575 3788 723 3877 perdere,
743 3787 840 3872 perde
864 3788 981 3854 decem.
