<?xml version="1.0" encoding="UTF-8"?>
<!DOCTYPE html PUBLIC "-//W3C//DTD XHTML 1.0 Transitional//EN"
    "http://www.w3.org/TR/xhtml1/DTD/xhtml1-transitional.dtd">
<html xmlns="http://www.w3.org/1999/xhtml" xml:lang="en" lang="en">
 <head>
  <title>
</title>
<meta http-equiv="Content-Type" content="text/html;charset=utf-8" />
  <meta name='ocr-system' content='tesseract 3.04.00' />
  <meta name='ocr-capabilities' content='ocr_page ocr_carea ocr_par ocr_line ocrx_word'/>
</head>
<body>
  <div class='ocr_page' id='page_1' title='image "./mvaleriimartial00gilbgoog/mvaleriimartial00gilbgoog_0189.png"; bbox 0 0 2408 4132; ppageno 0'>
   <div class='ocr_carea' id='block_1_1' title="bbox 151 434 834 664">
    <p class='ocr_par' dir='ltr' id='par_1_1' title="bbox 151 434 834 664">
     <span class='ocr_line' id='line_1_1' title="bbox 151 434 834 502; baseline 0.001 -12"><span class='ocrx_word' id='word_1_1' title='bbox 151 439 215 502; x_wconf 81' lang='lat'>142</span> <span class='ocrx_word' id='word_1_2' title='bbox 474 437 511 493; x_wconf 85' lang='lat' dir='ltr'>n.</span> <span class='ocrx_word' id='word_1_3' title='bbox 531 437 612 493; x_wconf 77' lang='lat' dir='ltr'>van.</span> <span class='ocrx_word' id='word_1_4' title='bbox 631 434 834 491; x_wconf 76' lang='lat' dir='ltr'>nlavrlnvs</span> 
     </span>
     <span class='ocr_line' id='line_1_2' title="bbox 598 598 712 664; baseline 0.009 -1"><span class='ocrx_word' id='word_1_5' title='bbox 598 598 712 664; x_wconf 88' lang='lat' dir='ltr'>LXIV.</span> 
     </span>
    </p>
   </div>
   <div class='ocr_carea' id='block_1_2' title="bbox 153 703 1158 3522">
    <p class='ocr_par' dir='ltr' id='par_1_2' title="bbox 153 703 1158 3522">
     <span class='ocr_line' id='line_1_3' title="bbox 195 703 1027 790; baseline -0.002 -20"><span class='ocrx_word' id='word_1_6' title='bbox 195 705 276 770; x_wconf 84' lang='lat' dir='ltr'>Cum</span> <span class='ocrx_word' id='word_1_7' title='bbox 299 706 343 770; x_wconf 89' lang='lat' dir='ltr'>sis</span> <span class='ocrx_word' id='word_1_8' title='bbox 366 726 426 770; x_wconf 90' lang='lat' dir='ltr'>nec</span> <span class='ocrx_word' id='word_1_9' title='bbox 449 704 557 790; x_wconf 87' lang='lat' dir='ltr'>rigida</span> <span class='ocrx_word' id='word_1_10' title='bbox 580 703 756 770; x_wconf 83' lang='lat' dir='ltr'><strong>Fabiorum</strong></span> <span class='ocrx_word' id='word_1_11' title='bbox 780 707 876 788; x_wconf 87' lang='lat' dir='ltr'>gente</span> <span class='ocrx_word' id='word_1_12' title='bbox 900 708 1027 769; x_wconf 88' lang='lat' dir='ltr'>creatus</span> 
     </span>
     <span class='ocr_line' id='line_1_4' title="bbox 194 790 1087 878; baseline -0.002 -20"><span class='ocrx_word' id='word_1_13' title='bbox 194 793 264 858; x_wconf 90' lang='lat' dir='ltr'>Nec</span> <span class='ocrx_word' id='word_1_14' title='bbox 286 794 414 877; x_wconf 89' lang='lat' dir='ltr'>qualem</span> <span class='ocrx_word' id='word_1_15' title='bbox 437 790 551 876; x_wconf 78' lang='lat' dir='ltr'>Curio,</span> <span class='ocrx_word' id='word_1_16' title='bbox 575 793 650 857; x_wconf 90' lang='lat' dir='ltr'>dum</span> <span class='ocrx_word' id='word_1_17' title='bbox 673 793 810 878; x_wconf 90' lang='lat' dir='ltr'>prandia</span> <span class='ocrx_word' id='word_1_18' title='bbox 831 795 944 877; x_wconf 90' lang='lat' dir='ltr'>portat</span> <span class='ocrx_word' id='word_1_19' title='bbox 967 793 1087 876; x_wconf 86' lang='lat' dir='ltr'>aranti,</span> 
     </span>
     <span class='ocr_line' id='line_1_5' title="bbox 194 880 1016 965; baseline -0.002 -18"><span class='ocrx_word' id='word_1_20' title='bbox 194 881 330 947; x_wconf 86' lang='lat' dir='ltr'>Hirsuta</span> <span class='ocrx_word' id='word_1_21' title='bbox 351 883 478 965; x_wconf 79' lang='lat' dir='ltr'>peperit</span> <span class='ocrx_word' id='word_1_22' title='bbox 500 881 661 965; x_wconf 89' lang='lat' dir='ltr'>deprensa</span> <span class='ocrx_word' id='word_1_23' title='bbox 684 881 742 945; x_wconf 88' lang='lat' dir='ltr'>sub</span> <span class='ocrx_word' id='word_1_24' title='bbox 765 880 840 945; x_wconf 89' lang='lat' dir='ltr'>ilice</span> <span class='ocrx_word' id='word_1_25' title='bbox 863 882 1016 965; x_wconf 83' lang='lat' dir='ltr'>coniunx,</span> 
     </span>
     <span class='ocr_line' id='line_1_6' title="bbox 196 969 1106 1055; baseline -0.001 -20"><span class='ocrx_word' id='word_1_26' title='bbox 196 969 257 1035; x_wconf 89' lang='lat' dir='ltr'>Sed</span> <span class='ocrx_word' id='word_1_27' title='bbox 279 971 382 1055; x_wconf 86' lang='lat' dir='ltr'>patris</span> <span class='ocrx_word' id='word_1_28' title='bbox 406 969 447 1033; x_wconf 92' lang='lat' dir='ltr'>ad</span> <span class='ocrx_word' id='word_1_29' title='bbox 470 969 636 1054; x_wconf 88' lang='lat' dir='ltr'>speculum</span> <span class='ocrx_word' id='word_1_30' title='bbox 658 970 748 1034; x_wconf 87' lang='lat' dir='ltr'>tonsi</span> <span class='ocrx_word' id='word_1_31' title='bbox 771 969 950 1052; x_wconf 88' lang='lat' dir='ltr'>matrisque</span> <span class='ocrx_word' id='word_1_32' title='bbox 972 973 1106 1055; x_wconf 86' lang='lat' dir='ltr'>togatae</span> 
     </span>
     <span class='ocr_line' id='line_1_7' title="bbox 169 1057 1007 1142; baseline -0.004 -18"><span class='ocrx_word' id='word_1_33' title='bbox 169 1057 298 1124; x_wconf 85' lang='lat' dir='ltr'>5Filius</span> <span class='ocrx_word' id='word_1_34' title='bbox 321 1061 354 1122; x_wconf 92' lang='lat' dir='ltr'>et</span> <span class='ocrx_word' id='word_1_35' title='bbox 376 1057 482 1142; x_wconf 83' lang='lat' dir='ltr'>possit</span> <span class='ocrx_word' id='word_1_36' title='bbox 504 1078 657 1141; x_wconf 86' lang='lat' dir='ltr'><strong>sponsam</strong></span> <span class='ocrx_word' id='word_1_37' title='bbox 680 1063 713 1121; x_wconf 89' lang='lat' dir='ltr'>te</span> <span class='ocrx_word' id='word_1_38' title='bbox 736 1080 856 1142; x_wconf 92' lang='lat' dir='ltr'>sponsa</span> <span class='ocrx_word' id='word_1_39' title='bbox 878 1078 1007 1122; x_wconf 88' lang='lat' dir='ltr'>vocare:</span> 
     </span>
     <span class='ocr_line' id='line_1_8' title="bbox 195 1145 1001 1229; baseline -0.002 -18"><span class='ocrx_word' id='word_1_40' title='bbox 195 1145 377 1211; x_wconf 78' lang='lat' dir='ltr'>Emendare</span> <span class='ocrx_word' id='word_1_41' title='bbox 399 1166 504 1228; x_wconf 87' lang='lat' dir='ltr'>meos,</span> <span class='ocrx_word' id='word_1_42' title='bbox 528 1166 609 1228; x_wconf 88' lang='lat' dir='ltr'>quos</span> <span class='ocrx_word' id='word_1_43' title='bbox 631 1147 723 1210; x_wconf 91' lang='lat' dir='ltr'>novit</span> <span class='ocrx_word' id='word_1_44' title='bbox 745 1145 846 1229; x_wconf 85' lang='lat' dir='ltr'>fama,</span> <span class='ocrx_word' id='word_1_45' title='bbox 870 1145 1001 1210; x_wconf 88' lang='lat' dir='ltr'>libellos</span> 
     </span>
     <span class='ocr_line' id='line_1_9' title="bbox 195 1233 997 1319; baseline 0 -21"><span class='ocrx_word' id='word_1_46' title='bbox 195 1234 240 1298; x_wconf 86' lang='lat' dir='ltr'>Et</span> <span class='ocrx_word' id='word_1_47' title='bbox 264 1235 327 1298; x_wconf 90' lang='lat' dir='ltr'>tibi</span> <span class='ocrx_word' id='word_1_48' title='bbox 350 1234 513 1318; x_wconf 89' lang='lat' dir='ltr'>permittis</span> <span class='ocrx_word' id='word_1_49' title='bbox 536 1233 646 1298; x_wconf 87' lang='lat' dir='ltr'>felices</span> <span class='ocrx_word' id='word_1_50' title='bbox 669 1255 801 1318; x_wconf 87' lang='lat' dir='ltr'>carpere</span> <span class='ocrx_word' id='word_1_51' title='bbox 823 1254 940 1319; x_wconf 85' lang='lat' dir='ltr'>nugas,</span> <span class='ocrx_word' id='word_1_52' title='bbox 959 1271 997 1280; x_wconf 95' lang='lat'>—</span> 
     </span>
     <span class='ocr_line' id='line_1_10' title="bbox 196 1322 1158 1406; baseline 0 -19"><span class='ocrx_word' id='word_1_53' title='bbox 196 1323 280 1406; x_wconf 91' lang='lat' dir='ltr'>Has,</span> <span class='ocrx_word' id='word_1_54' title='bbox 302 1323 448 1405; x_wconf 89' lang='lat' dir='ltr'>inquam,</span> <span class='ocrx_word' id='word_1_55' title='bbox 470 1342 588 1406; x_wconf 84' lang='lat' dir='ltr'>nugas,</span> <span class='ocrx_word' id='word_1_56' title='bbox 607 1322 722 1406; x_wconf 91' lang='lat' dir='ltr'>quibus</span> <span class='ocrx_word' id='word_1_57' title='bbox 742 1344 853 1386; x_wconf 88' lang='lat' dir='ltr'>aurern</span> <span class='ocrx_word' id='word_1_58' title='bbox 871 1322 1037 1388; x_wconf 90' lang='lat' dir='ltr'>advertere</span> <span class='ocrx_word' id='word_1_59' title='bbox 1055 1327 1158 1388; x_wconf 87' lang='lat' dir='ltr'>totam</span> 
     </span>
     <span class='ocr_line' id='line_1_11' title="bbox 196 1410 1017 1495; baseline 0 -20"><span class='ocrx_word' id='word_1_60' title='bbox 196 1410 271 1475; x_wconf 93' lang='lat' dir='ltr'>Non</span> <span class='ocrx_word' id='word_1_61' title='bbox 294 1414 508 1495; x_wconf 88' lang='lat' dir='ltr'>aspernantur</span> <span class='ocrx_word' id='word_1_62' title='bbox 529 1431 679 1494; x_wconf 83' lang='lat' dir='ltr'>proceres</span> <span class='ocrx_word' id='word_1_63' title='bbox 701 1410 855 1494; x_wconf 88' lang='lat' dir='ltr'>urbisque</span> <span class='ocrx_word' id='word_1_64' title='bbox 877 1410 1017 1495; x_wconf 87' lang='lat' dir='ltr'>forique,</span> 
     </span>
     <span class='ocr_line' id='line_1_12' title="bbox 157 1497 935 1582; baseline -0.001 -19"><span class='ocrx_word' id='word_1_65' title='bbox 157 1517 189 1564; x_wconf 85' lang='lat'>10</span> <span class='ocrx_word' id='word_1_66' title='bbox 200 1498 286 1574; x_wconf 81' lang='lat' dir='ltr'>Quas</span> <span class='ocrx_word' id='word_1_67' title='bbox 311 1504 343 1563; x_wconf 92' lang='lat' dir='ltr'>et</span> <span class='ocrx_word' id='word_1_68' title='bbox 365 1499 511 1581; x_wconf 87' lang='lat' dir='ltr'>perpetui</span> <span class='ocrx_word' id='word_1_69' title='bbox 533 1497 709 1582; x_wconf 88' lang='lat' dir='ltr'>dignantur</span> <span class='ocrx_word' id='word_1_70' title='bbox 731 1498 850 1562; x_wconf 88' lang='lat' dir='ltr'>scrinia</span> <span class='ocrx_word' id='word_1_71' title='bbox 873 1497 935 1563; x_wconf 92' lang='lat' dir='ltr'>Sili</span> 
     </span>
     <span class='ocr_line' id='line_1_13' title="bbox 197 1585 948 1672; baseline -0.001 -21"><span class='ocrx_word' id='word_1_72' title='bbox 197 1587 243 1651; x_wconf 83' lang='lat' dir='ltr'>Et</span> <span class='ocrx_word' id='word_1_73' title='bbox 264 1588 383 1671; x_wconf 89' lang='lat' dir='ltr'>repetit</span> <span class='ocrx_word' id='word_1_74' title='bbox 405 1586 528 1651; x_wconf 89' lang='lat' dir='ltr'>totiens</span> <span class='ocrx_word' id='word_1_75' title='bbox 550 1586 687 1652; x_wconf 89' lang='lat' dir='ltr'>facundo</span> <span class='ocrx_word' id='word_1_76' title='bbox 710 1585 856 1672; x_wconf 82' lang='lat' dir='ltr'>Regulus</span> <span class='ocrx_word' id='word_1_77' title='bbox 879 1608 948 1671; x_wconf 82' lang='lat' dir='ltr'>ore,</span> 
     </span>
     <span class='ocr_line' id='line_1_14' title="bbox 199 1672 1031 1759; baseline 0.001 -20"><span class='ocrx_word' id='word_1_78' title='bbox 199 1675 323 1758; x_wconf 83' lang='lat' dir='ltr'>Quique</span> <span class='ocrx_word' id='word_1_79' title='bbox 345 1674 433 1739; x_wconf 90' lang='lat' dir='ltr'>videt</span> <span class='ocrx_word' id='word_1_80' title='bbox 454 1675 588 1759; x_wconf 87' lang='lat' dir='ltr'>propius</span> <span class='ocrx_word' id='word_1_81' title='bbox 612 1677 722 1759; x_wconf 85' lang='lat' dir='ltr'>magni</span> <span class='ocrx_word' id='word_1_82' title='bbox 745 1675 922 1740; x_wconf 89' lang='lat' dir='ltr'>certamina</span> <span class='ocrx_word' id='word_1_83' title='bbox 945 1672 1031 1741; x_wconf 79' lang='lat' dir='ltr'>Circi</span> 
     </span>
     <span class='ocr_line' id='line_1_15' title="bbox 197 1761 942 1847; baseline -0.001 -19"><span class='ocrx_word' id='word_1_84' title='bbox 197 1763 327 1828; x_wconf 86' lang='lat' dir='ltr'>Laudat</span> <span class='ocrx_word' id='word_1_85' title='bbox 349 1762 529 1827; x_wconf 88' lang='lat' dir='ltr'>Aventinae</span> <span class='ocrx_word' id='word_1_86' title='bbox 551 1763 675 1826; x_wconf 90' lang='lat' dir='ltr'>vicinus</span> <span class='ocrx_word' id='word_1_87' title='bbox 700 1761 781 1827; x_wconf 88' lang='lat' dir='ltr'>Sura</span> <span class='ocrx_word' id='word_1_88' title='bbox 803 1763 942 1847; x_wconf 83' lang='lat' dir='ltr'>Dianae,</span> 
     </span>
     <span class='ocr_line' id='line_1_16' title="bbox 196 1850 1055 1934; baseline 0.002 -20"><span class='ocrx_word' id='word_1_89' title='bbox 196 1851 271 1933; x_wconf 91' lang='lat' dir='ltr'>Ipse</span> <span class='ocrx_word' id='word_1_90' title='bbox 294 1851 392 1914; x_wconf 87' lang='lat' dir='ltr'>etiam</span> <span class='ocrx_word' id='word_1_91' title='bbox 413 1854 506 1914; x_wconf 91' lang='lat' dir='ltr'>tanto</span> <span class='ocrx_word' id='word_1_92' title='bbox 529 1850 678 1914; x_wconf 88' lang='lat' dir='ltr'>dominus</span> <span class='ocrx_word' id='word_1_93' title='bbox 702 1852 761 1915; x_wconf 91' lang='lat' dir='ltr'>sub</span> <span class='ocrx_word' id='word_1_94' title='bbox 784 1852 925 1934; x_wconf 90' lang='lat' dir='ltr'>pondere</span> <span class='ocrx_word' id='word_1_95' title='bbox 947 1873 1055 1916; x_wconf 90' lang='lat' dir='ltr'>rerum</span> 
     </span>
     <span class='ocr_line' id='line_1_17' title="bbox 155 1937 1036 2024; baseline -0.002 -20"><span class='ocrx_word' id='word_1_96' title='bbox 155 1956 186 2004; x_wconf 81' lang='lat'>15</span> <span class='ocrx_word' id='word_1_97' title='bbox 197 1938 273 2004; x_wconf 90' lang='lat' dir='ltr'>Non</span> <span class='ocrx_word' id='word_1_98' title='bbox 296 1938 487 2024; x_wconf 89' lang='lat' dir='ltr'>dedignatur</span> <span class='ocrx_word' id='word_1_99' title='bbox 510 1938 560 2002; x_wconf 91' lang='lat' dir='ltr'>bis</span> <span class='ocrx_word' id='word_1_100' title='bbox 584 1942 697 2022; x_wconf 89' lang='lat' dir='ltr'>terque</span> <span class='ocrx_word' id='word_1_101' title='bbox 719 1941 884 2004; x_wconf 83' lang='lat' dir='ltr'>revolvere</span> <span class='ocrx_word' id='word_1_102' title='bbox 907 1937 1036 2004; x_wconf 80' lang='lat' dir='ltr'>Caesar.</span> 
     </span>
     <span class='ocr_line' id='line_1_18' title="bbox 199 2026 1084 2111; baseline 0.001 -19"><span class='ocrx_word' id='word_1_103' title='bbox 199 2026 260 2092; x_wconf 88' lang='lat' dir='ltr'>Sed</span> <span class='ocrx_word' id='word_1_104' title='bbox 283 2027 345 2090; x_wconf 89' lang='lat' dir='ltr'>tibi</span> <span class='ocrx_word' id='word_1_105' title='bbox 367 2028 441 2111; x_wconf 90' lang='lat' dir='ltr'>plus</span> <span class='ocrx_word' id='word_1_106' title='bbox 465 2027 596 2110; x_wconf 90' lang='lat' dir='ltr'>mentis,</span> <span class='ocrx_word' id='word_1_107' title='bbox 619 2028 680 2091; x_wconf 90' lang='lat' dir='ltr'>tibi</span> <span class='ocrx_word' id='word_1_108' title='bbox 704 2048 759 2092; x_wconf 92' lang='lat' dir='ltr'>eor</span> <span class='ocrx_word' id='word_1_109' title='bbox 782 2028 916 2092; x_wconf 85' lang='lat' dir='ltr'>limante</span> <span class='ocrx_word' id='word_1_110' title='bbox 938 2026 1084 2094; x_wconf 89' lang='lat' dir='ltr'>Minerva</span> 
     </span>
     <span class='ocr_line' id='line_1_19' title="bbox 197 2115 1008 2200; baseline 0 -20"><span class='ocrx_word' id='word_1_111' title='bbox 197 2115 313 2180; x_wconf 88' lang='lat' dir='ltr'>Acrius</span> <span class='ocrx_word' id='word_1_112' title='bbox 337 2120 370 2179; x_wconf 91' lang='lat' dir='ltr'>et</span> <span class='ocrx_word' id='word_1_113' title='bbox 392 2119 505 2179; x_wconf 88' lang='lat' dir='ltr'>tenues</span> <span class='ocrx_word' id='word_1_114' title='bbox 528 2115 691 2180; x_wconf 89' lang='lat' dir='ltr'>finxerunt</span> <span class='ocrx_word' id='word_1_115' title='bbox 712 2122 825 2200; x_wconf 89' lang='lat' dir='ltr'>pectus</span> <span class='ocrx_word' id='word_1_116' title='bbox 849 2115 1008 2181; x_wconf 85' lang='lat' dir='ltr'>Athenae.</span> 
     </span>
     <span class='ocr_line' id='line_1_20' title="bbox 197 2203 1027 2289; baseline 0 -21"><span class='ocrx_word' id='word_1_117' title='bbox 197 2203 247 2269; x_wconf 92' lang='lat' dir='ltr'>Ne</span> <span class='ocrx_word' id='word_1_118' title='bbox 269 2204 409 2287; x_wconf 88' lang='lat' dir='ltr'>valeam,</span> <span class='ocrx_word' id='word_1_119' title='bbox 432 2204 460 2267; x_wconf 90' lang='lat' dir='ltr'>si</span> <span class='ocrx_word' id='word_1_120' title='bbox 482 2224 549 2268; x_wconf 92' lang='lat' dir='ltr'>non</span> <span class='ocrx_word' id='word_1_121' title='bbox 571 2203 674 2268; x_wconf 93' lang='lat' dir='ltr'>multo</span> <span class='ocrx_word' id='word_1_122' title='bbox 699 2205 786 2289; x_wconf 88' lang='lat' dir='ltr'>sapit</span> <span class='ocrx_word' id='word_1_123' title='bbox 810 2204 908 2269; x_wconf 89' lang='lat' dir='ltr'>altius</span> <span class='ocrx_word' id='word_1_124' title='bbox 932 2204 1027 2289; x_wconf 83' lang='lat' dir='ltr'>illud,</span> 
     </span>
     <span class='ocr_line' id='line_1_21' title="bbox 200 2292 1093 2378; baseline 0.002 -22"><span class='ocrx_word' id='word_1_125' title='bbox 200 2292 294 2369; x_wconf 80' lang='lat' dir='ltr'>Quod</span> <span class='ocrx_word' id='word_1_126' title='bbox 317 2314 389 2357; x_wconf 90' lang='lat' dir='ltr'>eum</span> <span class='ocrx_word' id='word_1_127' title='bbox 410 2292 594 2376; x_wconf 75' lang='lat' dir='ltr'>panticibus</span> <span class='ocrx_word' id='word_1_128' title='bbox 616 2292 699 2357; x_wconf 88' lang='lat' dir='ltr'>laxis</span> <span class='ocrx_word' id='word_1_129' title='bbox 724 2297 756 2356; x_wconf 92' lang='lat' dir='ltr'>et</span> <span class='ocrx_word' id='word_1_130' title='bbox 779 2315 851 2357; x_wconf 90' lang='lat' dir='ltr'>cnm</span> <span class='ocrx_word' id='word_1_131' title='bbox 873 2292 955 2377; x_wconf 91' lang='lat' dir='ltr'>pede</span> <span class='ocrx_word' id='word_1_132' title='bbox 978 2295 1093 2378; x_wconf 87' lang='lat' dir='ltr'>grandi</span> 
     </span>
     <span class='ocr_line' id='line_1_22' title="bbox 153 2381 1032 2465; baseline -0.001 -19"><span class='ocrx_word' id='word_1_133' title='bbox 153 2399 187 2446; x_wconf 77' lang='lat'>20</span> <span class='ocrx_word' id='word_1_134' title='bbox 198 2381 243 2444; x_wconf 83' lang='lat' dir='ltr'>Et</span> <span class='ocrx_word' id='word_1_135' title='bbox 264 2382 363 2446; x_wconf 91' lang='lat' dir='ltr'>rubro</span> <span class='ocrx_word' id='word_1_136' title='bbox 387 2382 540 2464; x_wconf 85' lang='lat' dir='ltr'>pulmone</span> <span class='ocrx_word' id='word_1_137' title='bbox 562 2385 655 2445; x_wconf 88' lang='lat' dir='ltr'>vetus</span> <span class='ocrx_word' id='word_1_138' title='bbox 677 2382 831 2465; x_wconf 86' lang='lat' dir='ltr'>nasisque</span> <span class='ocrx_word' id='word_1_139' title='bbox 853 2381 1032 2446; x_wconf 90' lang='lat' dir='ltr'>timendum</span> 
     </span>
     <span class='ocr_line' id='line_1_23' title="bbox 198 2468 995 2554; baseline 0.004 -22"><span class='ocrx_word' id='word_1_140' title='bbox 198 2469 315 2533; x_wconf 91' lang='lat' dir='ltr'>Omnia</span> <span class='ocrx_word' id='word_1_141' title='bbox 337 2469 473 2533; x_wconf 89' lang='lat' dir='ltr'>crudelis</span> <span class='ocrx_word' id='word_1_142' title='bbox 497 2468 601 2533; x_wconf 91' lang='lat' dir='ltr'>lanius</span> <span class='ocrx_word' id='word_1_143' title='bbox 624 2490 683 2554; x_wconf 88' lang='lat' dir='ltr'>per</span> <span class='ocrx_word' id='word_1_144' title='bbox 706 2469 850 2552; x_wconf 88' lang='lat' dir='ltr'>compita</span> <span class='ocrx_word' id='word_1_145' title='bbox 874 2472 995 2554; x_wconf 88' lang='lat' dir='ltr'>portat.</span> 
     </span>
     <span class='ocr_line' id='line_1_24' title="bbox 198 2557 1046 2643; baseline 0.004 -22"><span class='ocrx_word' id='word_1_146' title='bbox 198 2557 307 2622; x_wconf 85' lang='lat' dir='ltr'>Audes</span> <span class='ocrx_word' id='word_1_147' title='bbox 329 2562 510 2641; x_wconf 89' lang='lat' dir='ltr'>praeterea,</span> <span class='ocrx_word' id='word_1_148' title='bbox 533 2579 615 2640; x_wconf 91' lang='lat' dir='ltr'>quos</span> <span class='ocrx_word' id='word_1_149' title='bbox 637 2557 748 2621; x_wconf 91' lang='lat' dir='ltr'>nullus</span> <span class='ocrx_word' id='word_1_150' title='bbox 771 2558 914 2643; x_wconf 87' lang='lat' dir='ltr'>noverit,</span> <span class='ocrx_word' id='word_1_151' title='bbox 936 2558 971 2622; x_wconf 93' lang='lat' dir='ltr'>in</span> <span class='ocrx_word' id='word_1_152' title='bbox 993 2580 1046 2624; x_wconf 90' lang='lat' dir='ltr'>me</span> 
     </span>
     <span class='ocr_line' id='line_1_25' title="bbox 198 2643 1075 2731; baseline 0.003 -23"><span class='ocrx_word' id='word_1_153' title='bbox 198 2643 343 2710; x_wconf 77' lang='lat' dir='ltr'>Scribere</span> <span class='ocrx_word' id='word_1_154' title='bbox 365 2644 542 2709; x_wconf 89' lang='lat' dir='ltr'>versiculos</span> <span class='ocrx_word' id='word_1_155' title='bbox 565 2646 699 2710; x_wconf 85' lang='lat' dir='ltr'>miseras</span> <span class='ocrx_word' id='word_1_156' title='bbox 723 2650 756 2710; x_wconf 93' lang='lat' dir='ltr'>et</span> <span class='ocrx_word' id='word_1_157' title='bbox 778 2646 912 2731; x_wconf 88' lang='lat' dir='ltr'>perdere</span> <span class='ocrx_word' id='word_1_158' title='bbox 934 2647 1075 2712; x_wconf 85' lang='lat' dir='ltr'>chartas.</span> 
     </span>
     <span class='ocr_line' id='line_1_26' title="bbox 198 2733 1036 2818; baseline 0 -20"><span class='ocrx_word' id='word_1_159' title='bbox 198 2733 244 2798; x_wconf 84' lang='lat' dir='ltr'>At</span> <span class='ocrx_word' id='word_1_160' title='bbox 267 2734 295 2798; x_wconf 86' lang='lat' dir='ltr'>si</span> <span class='ocrx_word' id='word_1_161' title='bbox 318 2733 394 2816; x_wconf 91' lang='lat' dir='ltr'>quid</span> <span class='ocrx_word' id='word_1_162' title='bbox 415 2737 546 2797; x_wconf 90' lang='lat' dir='ltr'>nostrae</span> <span class='ocrx_word' id='word_1_163' title='bbox 568 2734 630 2798; x_wconf 90' lang='lat' dir='ltr'>tibi</span> <span class='ocrx_word' id='word_1_164' title='bbox 652 2735 729 2799; x_wconf 93' lang='lat' dir='ltr'>bilis</span> <span class='ocrx_word' id='word_1_165' title='bbox 752 2735 906 2799; x_wconf 87' lang='lat' dir='ltr'>inusserit</span> <span class='ocrx_word' id='word_1_166' title='bbox 928 2733 1036 2818; x_wconf 90' lang='lat' dir='ltr'>ardor,</span> 
     </span>
     <span class='ocr_line' id='line_1_27' title="bbox 155 2820 1001 2907; baseline 0 -21"><span class='ocrx_word' id='word_1_167' title='bbox 155 2839 188 2886; x_wconf 76' lang='lat' dir='ltr'>aa</span> <span class='ocrx_word' id='word_1_168' title='bbox 199 2820 298 2886; x_wconf 87' lang='lat' dir='ltr'>Vivet</span> <span class='ocrx_word' id='word_1_169' title='bbox 322 2824 355 2884; x_wconf 92' lang='lat' dir='ltr'>et</span> <span class='ocrx_word' id='word_1_170' title='bbox 377 2821 525 2885; x_wconf 76' lang='lat' dir='ltr'>haerebit</span> <span class='ocrx_word' id='word_1_171' title='bbox 546 2825 682 2904; x_wconf 87' lang='lat' dir='ltr'>totaque</span> <span class='ocrx_word' id='word_1_172' title='bbox 704 2823 830 2907; x_wconf 86' lang='lat' dir='ltr'>legetur</span> <span class='ocrx_word' id='word_1_173' title='bbox 851 2822 887 2886; x_wconf 94' lang='lat' dir='ltr'>in</span> <span class='ocrx_word' id='word_1_174' title='bbox 908 2823 1001 2906; x_wconf 87' lang='lat' dir='ltr'>urbe,</span> 
     </span>
     <span class='ocr_line' id='line_1_28' title="bbox 199 2908 1004 2994; baseline 0.004 -21"><span class='ocrx_word' id='word_1_175' title='bbox 199 2908 363 2994; x_wconf 82' lang='lat' dir='ltr'>Stigmata</span> <span class='ocrx_word' id='word_1_176' title='bbox 385 2930 443 2973; x_wconf 89' lang='lat' dir='ltr'>nec</span> <span class='ocrx_word' id='word_1_177' title='bbox 466 2908 558 2973; x_wconf 89' lang='lat' dir='ltr'>vafra</span> <span class='ocrx_word' id='word_1_178' title='bbox 581 2909 703 2973; x_wconf 90' lang='lat' dir='ltr'>delebit</span> <span class='ocrx_word' id='word_1_179' title='bbox 725 2908 901 2975; x_wconf 75' lang='lat' dir='ltr'>Cinnamus</span> <span class='ocrx_word' id='word_1_180' title='bbox 925 2914 1004 2976; x_wconf 88' lang='lat' dir='ltr'>arte.</span> 
     </span>
     <span class='ocr_line' id='line_1_29' title="bbox 199 2995 981 3081; baseline 0.004 -21"><span class='ocrx_word' id='word_1_181' title='bbox 199 2995 261 3061; x_wconf 85' lang='lat' dir='ltr'>Sed</span> <span class='ocrx_word' id='word_1_182' title='bbox 284 2997 434 3060; x_wconf 90' lang='lat' dir='ltr'>miserere</span> <span class='ocrx_word' id='word_1_183' title='bbox 457 2996 518 3080; x_wconf 83' lang='lat' dir='ltr'>tui,</span> <span class='ocrx_word' id='word_1_184' title='bbox 540 2996 653 3061; x_wconf 89' lang='lat' dir='ltr'>rabido</span> <span class='ocrx_word' id='word_1_185' title='bbox 676 3020 735 3062; x_wconf 92' lang='lat' dir='ltr'>nec</span> <span class='ocrx_word' id='word_1_186' title='bbox 756 2999 902 3081; x_wconf 85' lang='lat' dir='ltr'>perditus</span> <span class='ocrx_word' id='word_1_187' title='bbox 926 3020 981 3063; x_wconf 89' lang='lat' dir='ltr'>ore</span> 
     </span>
     <span class='ocr_line' id='line_1_30' title="bbox 198 3084 949 3169; baseline 0.003 -20"><span class='ocrx_word' id='word_1_188' title='bbox 198 3084 390 3149; x_wconf 85' lang='lat' dir='ltr'>Fumantem</span> <span class='ocrx_word' id='word_1_189' title='bbox 412 3105 527 3147; x_wconf 89' lang='lat' dir='ltr'>nasum</span> <span class='ocrx_word' id='word_1_190' title='bbox 550 3085 616 3149; x_wconf 90' lang='lat' dir='ltr'>vivi</span> <span class='ocrx_word' id='word_1_191' title='bbox 638 3088 849 3169; x_wconf 88' lang='lat' dir='ltr'>temptaveris</span> <span class='ocrx_word' id='word_1_192' title='bbox 872 3087 949 3151; x_wconf 89' lang='lat' dir='ltr'>ursi.</span> 
     </span>
     <span class='ocr_line' id='line_1_31' title="bbox 200 3170 1136 3261; baseline 0.004 -24"><span class='ocrx_word' id='word_1_193' title='bbox 200 3172 251 3237; x_wconf 90' lang='lat' dir='ltr'>Sit</span> <span class='ocrx_word' id='word_1_194' title='bbox 273 3172 418 3257; x_wconf 89' lang='lat' dir='ltr'>placidus</span> <span class='ocrx_word' id='word_1_195' title='bbox 441 3170 517 3234; x_wconf 89' lang='lat' dir='ltr'>licet</span> <span class='ocrx_word' id='word_1_196' title='bbox 540 3176 573 3236; x_wconf 92' lang='lat' dir='ltr'>et</span> <span class='ocrx_word' id='word_1_197' title='bbox 594 3172 719 3237; x_wconf 88' lang='lat' dir='ltr'>lambat</span> <span class='ocrx_word' id='word_1_198' title='bbox 738 3173 921 3259; x_wconf 84' lang='lat' dir='ltr'>digitosque</span> <span class='ocrx_word' id='word_1_199' title='bbox 945 3197 1136 3261; x_wconf 87' lang='lat' dir='ltr'>manusque,</span> 
     </span>
     <span class='ocr_line' id='line_1_32' title="bbox 154 3259 928 3348; baseline -0.001 -20"><span class='ocrx_word' id='word_1_200' title='bbox 154 3280 188 3328; x_wconf 84' lang='lat'>30</span> <span class='ocrx_word' id='word_1_201' title='bbox 200 3260 234 3327; x_wconf 89' lang='lat' dir='ltr'>Si</span> <span class='ocrx_word' id='word_1_202' title='bbox 257 3260 348 3325; x_wconf 87' lang='lat' dir='ltr'>dolor</span> <span class='ocrx_word' id='word_1_203' title='bbox 371 3264 403 3323; x_wconf 92' lang='lat' dir='ltr'>et</span> <span class='ocrx_word' id='word_1_204' title='bbox 426 3259 514 3342; x_wconf 81' lang='lat' dir='ltr'>bilis,</span> <span class='ocrx_word' id='word_1_205' title='bbox 537 3260 566 3323; x_wconf 88' lang='lat' dir='ltr'>si</span> <span class='ocrx_word' id='word_1_206' title='bbox 587 3260 675 3325; x_wconf 84' lang='lat' dir='ltr'>iusta</span> <span class='ocrx_word' id='word_1_207' title='bbox 698 3264 928 3348; x_wconf 71' lang='lat' dir='ltr'>mogontina,</span> 
     </span>
     <span class='ocr_line' id='line_1_33' title="bbox 198 3348 965 3436; baseline -0.001 -20"><span class='ocrx_word' id='word_1_208' title='bbox 198 3350 301 3417; x_wconf 91' lang='lat' dir='ltr'>Ursus</span> <span class='ocrx_word' id='word_1_209' title='bbox 325 3349 399 3413; x_wconf 89' lang='lat' dir='ltr'>erit:</span> <span class='ocrx_word' id='word_1_210' title='bbox 422 3369 523 3412; x_wconf 87' lang='lat' dir='ltr'>vacua</span> <span class='ocrx_word' id='word_1_211' title='bbox 546 3348 657 3414; x_wconf 89' lang='lat' dir='ltr'>dentes</span> <span class='ocrx_word' id='word_1_212' title='bbox 681 3351 824 3434; x_wconf 88' lang='lat' dir='ltr'>inpelle</span> <span class='ocrx_word' id='word_1_213' title='bbox 846 3351 965 3436; x_wconf 86' lang='lat' dir='ltr'>fatiges</span> 
     </span>
     <span class='ocr_line' id='line_1_34' title="bbox 198 3437 1131 3522; baseline 0.002 -19"><span class='ocrx_word' id='word_1_214' title='bbox 198 3440 245 3503; x_wconf 85' lang='lat' dir='ltr'>Et</span> <span class='ocrx_word' id='word_1_215' title='bbox 266 3437 398 3502; x_wconf 83' lang='lat' dir='ltr'>tacitam</span> <span class='ocrx_word' id='word_1_216' title='bbox 422 3459 571 3521; x_wconf 62' lang='lat' dir='ltr'>quaene,</span> <span class='ocrx_word' id='word_1_217' title='bbox 594 3460 691 3522; x_wconf 92' lang='lat' dir='ltr'>quam</span> <span class='ocrx_word' id='word_1_218' title='bbox 713 3441 819 3522; x_wconf 88' lang='lat' dir='ltr'>possis</span> <span class='ocrx_word' id='word_1_219' title='bbox 841 3440 966 3518; x_wconf 88' lang='lat' dir='ltr'>rodere,</span> <span class='ocrx_word' id='word_1_220' title='bbox 991 3462 1131 3505; x_wconf 89' lang='lat' dir='ltr'>carnem.</span> 
     </span>
    </p>
   </div>
   <div class='ocr_carea' id='block_1_3' title="bbox 608 3577 706 3643">
    <p class='ocr_par' dir='ltr' id='par_1_3' title="bbox 608 3577 706 3643">
     <span class='ocr_line' id='line_1_35' title="bbox 608 3577 706 3643; baseline 0.01 -1"><span class='ocrx_word' id='word_1_221' title='bbox 608 3577 706 3643; x_wconf 89' lang='lat' dir='ltr'>LXV.</span> 
     </span>
    </p>
   </div>
   <div class='ocr_carea' id='block_1_4' title="bbox 198 3683 1162 3879">
    <p class='ocr_par' dir='ltr' id='par_1_4' title="bbox 198 3683 1162 3879">
     <span class='ocr_line' id='line_1_36' title="bbox 198 3683 1162 3770; baseline 0.005 -21"><span class='ocrx_word' id='word_1_222' title='bbox 198 3683 421 3770; x_wconf 87' lang='lat' dir='ltr'>„Hexametris</span> <span class='ocrx_word' id='word_1_223' title='bbox 444 3685 645 3770; x_wconf 86' lang='lat' dir='ltr'>epigramma</span> <span class='ocrx_word' id='word_1_224' title='bbox 667 3684 769 3751; x_wconf 87' lang='lat' dir='ltr'>facis“</span> <span class='ocrx_word' id='word_1_225' title='bbox 793 3686 860 3752; x_wconf 87' lang='lat' dir='ltr'>scio</span> <span class='ocrx_word' id='word_1_226' title='bbox 888 3687 992 3753; x_wconf 90' lang='lat' dir='ltr'>dicere</span> <span class='ocrx_word' id='word_1_227' title='bbox 1014 3688 1162 3754; x_wconf 84' lang='lat' dir='ltr'>Tuccam.</span> 
     </span>
     <span class='ocr_line' id='line_1_37' title="bbox 237 3773 1034 3879; baseline 0.006 -42"><span class='ocrx_word' id='word_1_228' title='bbox 237 3774 355 3860; x_wconf 83' lang='lat' dir='ltr'>Tucca,</span> <span class='ocrx_word' id='word_1_229' title='bbox 379 3774 465 3841; x_wconf 87' lang='lat' dir='ltr'>solet</span> <span class='ocrx_word' id='word_1_230' title='bbox 487 3774 572 3864; x_wconf 87' lang='lat' dir='ltr'>fieri,</span> <span class='ocrx_word' id='word_1_231' title='bbox 594 3773 1034 3879; x_wconf 29' lang='grc' dir='ltr'>(1011111110,111001,41111ὥο11111..ΙΙι</span> 
     </span>
    </p>
   </div>
   <div class='ocr_carea' id='block_1_5' title="bbox 0 0 1208 4132">
    <p class='ocr_par' dir='ltr' id='par_1_5' title="bbox 0 0 1208 4132">
     <span class='ocr_line' id='line_1_38' title="bbox 0 0 1208 4132; baseline 0 1"><span class='ocrx_word' id='word_1_232' title='bbox 0 0 1208 4132; x_wconf 95' lang='lat' dir='ltr'> </span> 
     </span>
    </p>
   </div>
  </div>
 </body>
</html>
