2408 4132
377 487 672 544 EPIGRAMMATON
689 488 756 544 LIB.
775 491 808 544 X.
1030 488 1094 554 251
1156 516 1159 520 “

109 653 305 734 slunonem,
327 652 499 736 Polyclite,
522 672 615 716 suam
636 652 702 715 nisi
725 652 826 717 frater
849 655 987 736 amaret,

178 741 336 805 Iunonem
358 744 489 826 poterat
510 739 613 804 frater
635 749 744 804 amare
766 744 866 805 tuam.

564 879 630 947 XO.

137 978 220 1056 Quid
241 975 336 1044 vellis
359 976 520 1062 vetulum,
543 975 651 1063 Ligu,
674 978 837 1044 cunnum?

137 1067 221 1143 Quid
242 1066 333 1132 busti
355 1065 476 1131 cineres
499 1067 548 1130 tui
570 1065 726 1132 lacessis?

137 1154 231 1221 Tales
254 1153 430 1219 munditiae
454 1155 568 1219 decent
590 1155 717 1238 puellas

138 1280 182 1291 —
200 1242 287 1308 Nam
310 1246 346 1307 tn
368 1243 434 1307 iam
456 1264 516 1308 neo
539 1264 620 1307 anus
642 1249 736 1329 potes
758 1242 862 1308 videri
882 1269 936 1329 -3

110 1332 241 1416 bIstud,
264 1331 356 1397 crede
379 1331 475 1413 mihi,
497 1330 606 1417 ligia,
629 1331 714 1397 belle

136 1420 212 1485 Non
235 1424 339 1485 mater
361 1418 441 1484 facit
462 1418 629 1502 Hectoris,
653 1420 708 1484 sed
731 1442 820 1486 uxor.

136 1509 250 1593 Erras,
274 1509 303 1573 si
325 1508 387 1573 tibi
410 1529 533 1572 cunnus
556 1507 610 1573 hic
632 1508 773 1593 videtur,

137 1598 188 1662 Ad
212 1619 307 1682 quem
330 1597 474 1662 mentula
495 1597 657 1681 pertinere
681 1597 773 1662 desit.

138 1684 295 1761 Quareoei
317 1685 422 1769 pudor
444 1688 507 1768 est,
530 1684 638 1772 Ligia,
659 1687 729 1751 noli

94 1791 127 1841 ιο
136 1772 280 1839 Barbam
301 1774 419 1839 vellere
442 1778 571 1839 mortuo
595 1775 690 1839 leoni.

555 1905 638 1972 XUI.

137 2003 256 2069 Omnes
280 2003 441 2068 eunuchos
464 2003 565 2069 habet
588 2004 685 2069 Almo
708 2026 766 2069 nec
790 2003 906 2088 arrigit
928 2004 1010 2087 ipse:

180 2092 226 2158 Et
248 2092 405 2176 queritur,
428 2091 534 2174 pariat
558 2091 643 2176 quod
667 2114 725 2157 sua
747 2089 840 2157 Polla
862 2091 953 2156 nihil.

544 2229 646 2295 XCII.

137 2330 234 2414 Mari,
257 2330 386 2413 quietae
409 2327 513 2393 cultor
537 2332 570 2392 et
592 2349 699 2393 comes
721 2327 821 2411 vitae,

140 2418 209 2495 Quo
233 2419 302 2483 cive
324 2416 431 2501 prisca
455 2416 614 2503 gloriatur
637 2416 750 2498 Atina,

137 2507 207 2572 Has
229 2505 292 2571 tibi
315 2505 471 2592 gemellas
494 2505 626 2570 barbari
649 2505 744 2569 decus
767 2503 833 2569 luci

139 2594 337 2660 Commendo
361 2593 456 2678 pinus
479 2595 633 2678 ilicesque
656 2593 843 2657 Faunorum

112 2684 181 2750 tEt
205 2683 380 2749 semidocta
402 2681 491 2747 vilici
513 2704 611 2746 manu
634 2685 775 2746 strantes

139 2771 298 2838 Tonantis
322 2793 395 2835 aras
419 2771 607 2856 horridique
630 2767 767 2854 Silvani,

139 2861 225 2938 Quas
248 2859 353 2945 pinxit
376 2860 453 2943 agni
476 2880 572 2945 saepe
595 2859 727 2944 sanguis
750 2863 807 2923 aut
828 2857 937 2942 haedi,

138 2948 374 3031 Dominamque
398 2949 501 3013 sancti
523 2947 683 3033 virginem
706 2947 799 3013 deam
821 2949 949 3034 templi,

138 3037 184 3103 Et
207 3059 303 3122 quem
326 3037 447 3101 sororis
470 3036 633 3121 hospitem
657 3035 746 3100 vides
769 3040 877 3101 castae

96 3143 130 3192 10
141 3125 281 3190 Martem
303 3146 447 3189 mearum
470 3124 649 3210 principem
673 3123 906 3208 Kalendarum,

138 3214 184 3279 Et
206 3214 363 3298 delicatae
386 3214 531 3278 laureum
553 3224 667 3277 nemus
689 3210 818 3295 Florae,

138 3303 177 3367 ln
200 3302 285 3387 quod
307 3301 426 3385 Priapo
450 3305 662 3387 persequente
685 3301 841 3385 confugit.

140 3390 211 3456 Hoc
235 3412 328 3456 omne
352 3390 451 3475 agelli
474 3390 553 3454 mite
575 3389 704 3475 parvuli
725 3411 845 3452 numen

140 3479 201 3544 Seu
223 3484 261 3544 tu
284 3501 396 3544 cruore
421 3479 489 3543 sive
511 3482 583 3543 ture
606 3477 765 3563 placabis:

95 3567 348 3652 15‚‚Ubicunque
370 3570 478 3633 vester
499 3567 662 3631 Martialis
686 3565 769 3648 est‚“
791 3564 889 3642 dices,

138 3657 243 3741 ‚‚Hac,
266 3677 352 3742 ecce,
375 3677 501 3722 mecum
524 3655 655 3719 dextera
678 3654 753 3717 litat
775 3653 867 3718 vobis

139 3745 269 3810 Absens
291 3744 456 3832 sacerdos3
477 3764 536 3809 ros
558 3747 670 3829 putate
692 3746 902 3828 praeacutam

136 3833 183 3898 Et
203 3833 279 3899 date
301 3832 429 3943 duobus
452 3830 616 3923 quidquid
638 3832 728 3901 alter
751 3828 914 3919 optauitl
