2408 4132
410 782 458 856 M.
486 781 591 855 VAL.
620 777 882 853 MARTIALIS

313 934 966 1038 EPIGRAMMATON

532 1111 757 1178 nuncin.

360 1273 503 1340 Valerios
520 1273 685 1338 Martialis
704 1271 813 1337 Prisco
830 1291 885 1336 suo
903 1269 937 1337 S.

210 1412 283 1479 Scio
298 1437 349 1479 me
362 1415 579 1498 patrocinium
593 1414 709 1479 debere
720 1412 1022 1478 contumacissimae
1031 1414 1155 1480 trienni

143 1504 293 1587 desidiae,
320 1525 383 1588 quo
407 1503 603 1568 absolvenda
625 1525 691 1567 non
714 1506 799 1566 esset
820 1500 1001 1565 interillos
1023 1524 1155 1587 quoque

142 1593 271 1658 urbicas
295 1592 535 1675 occupationes,
559 1592 675 1676 quibus
698 1590 826 1655 facilius
850 1589 1094 1674 consequimur,
1118 1597 1155 1657 ut

143 1681 272 1745 molesti
290 1680 412 1763 potiuS,
429 1702 526 1762 quam
544 1683 581 1743 ut
596 1679 733 1744 officiosi
747 1700 817 1743 esse
835 1676 1014 1761 rideamur3
1032 1680 1154 1744 nedum

117 1771 179 1835 tin
191 1769 252 1833 hac
265 1768 457 1853 provinciali
471 1767 658 1851 solitudine,
671 1768 728 1831 ubi
741 1767 806 1832 nisi
819 1766 917 1830 etiam
930 1766 1154 1850 intemperan-

143 1864 194 1923 ter
217 1857 397 1938 studemus,
426 1860 458 1921 et
481 1857 550 1919 sine
574 1855 694 1920 solacio
719 1859 751 1920 et
779 1857 847 1920 sine
872 1856 1081 1921 excusatione
1106 1879 1154 1923 se-

144 1946 307 2012 cessimus
330 1943 449 2028 Accipe
466 1965 544 2028 ergo
563 1943 733 2008 rationem.
754 1943 793 2008 In
812 1965 876 2028 qua
892 1943 955 2008 hoc
973 1945 1155 2010 maximum

144 2038 177 2098 et
191 2034 329 2117 primum
346 2035 409 2117 est,
423 2031 507 2116 quod
522 2031 663 2096 civitatis
679 2054 785 2111 aures,
804 2032 920 2116 quibus
935 2054 1154 2114 assueveram‚

144 2144 264 2206 quaero
288 2124 320 2185 et
343 2119 454 2185 videor
476 2121 556 2184 mihi
578 2121 613 2184 in
636 2121 739 2185 alieno
762 2119 834 2185 foro
858 2120 1000 2204 litigare3
1025 2121 1155 2204 siquid

102 2227 135 2277 10
147 2214 197 2275 est
211 2211 306 2294 enim,
321 2210 406 2293 quod
419 2209 453 2272 in
472 2209 591 2274 libellis
611 2209 691 2273 meis
709 2209 844 2294 placeat,
860 2208 993 2272 dictavit
1007 2210 1155 2276 auditor:

145 2300 237 2364 illam
260 2298 450 2362 iudiciorum
474 2298 703 2382 subtilitatem,
725 2296 806 2361 illud
828 2297 1038 2360 materiarum
1062 2300 1155 2384 inge-

143 2388 243 2472 nium,
256 2386 482 2471 bibliothecas,
495 2385 636 2469 theatra,
649 2386 825 2469 convictus,
838 2385 872 2448 in
886 2385 1002 2469 quibus
1020 2387 1155 2452 studere

145 2498 179 2541 se
202 2475 386 2559 voluptates
408 2496 475 2539 non
498 2476 649 2557 sentiunt,
673 2474 714 2538 ad
736 2495 896 2538 summam
916 2473 1061 2538 omnium
1085 2477 1155 2561 illa,

145 2586 225 2648 quac
249 2563 380 2627 delicati
407 2563 609 2647 reliquimus,
631 2562 850 2627 desideramus
878 2562 970 2646 quasi
994 2562 1156 2630 destituti.

101 2667 134 2716 1o
145 2652 279 2716 Accedit
292 2651 344 2716 his
358 2651 600 2735 municipalium
619 2651 735 2736 robigo
749 2649 895 2715 dentium
914 2654 947 2714 et
964 2650 1063 2716 iudici
1078 2652 1154 2718 loco

144 2741 241 2823 livor,
265 2743 297 2803 et
319 2761 402 2803 unus
426 2743 482 2803 aut
511 2740 594 2804 alter
620 2740 712 2822 mali,
734 2739 770 2804 in
795 2739 914 2824 pusillo
941 2739 1013 2803 loco
1040 2742 1155 2826 multi;

146 2829 298 2892 adversus
323 2826 408 2910 quod
431 2826 561 2891 difficile
585 2831 635 2891 cst
658 2827 777 2891 habere
800 2826 917 2892 cotidie
939 2827 1061 2892 bonum
1086 2835 1155 2894 sto-

145 2916 308 2980 machum:
331 2935 371 2978 ne
390 2914 516 2978 mireris
535 2915 637 2999 igitur
656 2915 781 2979 abiecta
800 2916 841 2979 ab
859 2915 1049 3000 indignante
1069 2938 1154 3000 quae

147 3027 165 3068 a
185 3004 342 3088 gestiente
360 3001 431 3065 fieri
446 3002 602 3067 solebant.
635 3001 684 3066 Ne
701 3002 776 3085 quid
794 3007 905 3068 tamen
919 3010 952 3068 et
965 3004 1155 3071 advenienti

101 3093 206 3157 rotibi
231 3091 271 3156 ab
295 3090 374 3155 urbo
402 3094 435 3155 et
463 3090 605 3176 exigenti
632 3111 785 3174 negarem
810 3093 926 3156 —cui
952 3114 1017 3157 non
1045 3094 1154 3160 refero

146 3181 301 3266 gratiam,
324 3179 353 3244 si
379 3181 506 3244 tantum
535 3201 573 3244 ea
598 3182 728 3263 praesto
752 3201 833 3264 quae
856 3202 989 3265 possum
1012 3217 1070 3264 —,
1094 3183 1155 3248 im-

144 3267 255 3354 perari
274 3267 363 3351 mihi,
386 3266 471 3353 quod
494 3268 661 3351 indulgere
680 3290 878 3352 consueram,
897 3274 930 3333 et
948 3269 1056 3333 studui
1074 3293 1155 3354 pau-

146 3356 284 3423 cissimis
309 3356 430 3440 diebus,
448 3360 486 3421 ut
503 3356 773 3421 familiarissimas
792 3357 873 3421 mihi
892 3379 985 3422 aures
1003 3362 1078 3422 tuas
1099 3383 1157 3425 ex-

147 3447 286 3530 ciperem
297 3445 486 3510 adventoria
500 3467 567 3510 sua.
582 3445 631 3509 Tu
639 3445 738 3509 velim
752 3446 825 3531 ista,
834 3468 916 3530 quac
927 3450 1055 3510 tantum
1066 3451 1153 3532 apud

103 3541 258 3600 cotenon
272 3533 505 3619 periclitantur,
516 3534 687 3618 diligenter
697 3533 866 3599 aestimare
882 3539 915 3599 ct
924 3539 1071 3600 excutere
1085 3558 1156 3602 non

146 3623 305 3708 graveris3
319 3625 362 3706 et,
376 3624 461 3706 quod
474 3622 537 3688 tibi
551 3621 778 3687 difficillimum
793 3626 852 3707 est,
865 3624 904 3688 dc
918 3623 1014 3707 nugis
1026 3628 1156 3691 nostris

145 3711 264 3776 iudices
277 3711 385 3775 nitore
400 3711 552 3796 seposito,
565 3733 606 3777 ne
620 3711 768 3791 Romam,
782 3711 811 3776 si
823 3711 871 3775 ita
885 3710 1072 3797 decreveris,
1085 3735 1158 3781 non

131 3798 393 3884 Hispaniensem
416 3799 540 3868 librum
562 3801 745 3886 mittamus,
765 3799 825 3864 sed
841 3799 1039 3883 Hispanum.
