2408 4132
381 474 677 531 EPIGRAMMATON
695 476 761 533 LIB.
780 476 814 534 X.
1036 476 1100 541 ‘249

140 635 295 700 Promisit
317 638 440 720 pariter
463 660 497 702 se
519 637 645 722 Phyllis
668 639 798 723 utrique
821 639 984 725 daturam,
1019 599 1023 605 -

182 723 227 788 nt
250 724 349 789 dedit:
372 725 429 790 ille
452 727 566 811 pedem
589 727 735 812 sustulit,
757 727 811 792 hic
833 729 986 794 tunicam.

516 858 679 923 LXXXII.

139 943 173 1010 si
196 946 273 1030 quid
294 950 410 1012 nostra
431 949 496 1012 tuis
521 948 619 1013 adicit
641 948 769 1013 vexatio
792 949 902 1032 rebus,

181 1033 278 1099 Mane
300 1035 353 1101 rel
377 1058 396 1100 6
419 1036 525 1100 media
546 1039 641 1102 nocte
663 1039 797 1123 togatus
821 1058 875 1102 ero

139 1121 382 1208 Stridentesque
404 1124 507 1189 feram
529 1125 626 1190 flatus
650 1125 810 1210 aquilonis
833 1124 937 1210 iniqui

182 1211 226 1275 nt
247 1213 354 1298 patiar
375 1213 504 1278 nimbos
529 1213 747 1299 excipiamque
770 1212 870 1278 nives.

113 1297 204 1363 asad
227 1301 255 1364 si
277 1323 344 1365 11611
366 1302 425 1365 fias
449 1302 627 1386 quadrante
650 1300 777 1367 beatior
799 1323 863 1367 uno

182 1386 244 1452 Per
268 1389 409 1475 gemitus
431 1393 561 1455 nostros
582 1391 803 1476 ingenuasque
827 1410 949 1473 cruces,

138 1474 252 1561 Parce,
275 1500 401 1561 precor,
423 1477 510 1543 fesso
532 1500 698 1564 vanosque
721 1478 851 1542 remitte
873 1478 1014 1561 labores,

183 1563 245 1640 Qui
267 1566 330 1630 tibi
351 1589 418 1631 non
440 1570 577 1651 prosunt
600 1571 633 1632 et
656 1567 750 1653 mihi,
773 1565 880 1652 Galle,
902 1570 1028 1632 nocent.

508 1697 685 1764 LXXXIII.

138 1786 243 1851 Raros
267 1786 394 1872 colligis
417 1786 493 1852 hinc
515 1791 549 1852 et
569 1787 645 1852 hinc
668 1787 803 1872 capillos

137 1876 183 1940 Et
206 1875 309 1940 latum
331 1875 467 1957 nitidae,
490 1875 626 1961 Marino,
649 1877 757 1941 calvae

138 1964 295 2049 Campum
318 1964 519 2048 temporibus
541 1965 626 2048 tegis
649 1964 798 2048 comatis3

138 2051 199 2117 Sed
222 2053 306 2116 moti
327 2052 462 2116 redeunt
483 2051 614 2116 iubente
636 2056 734 2117 vento

110 2140 387 2224 alteddunturque
411 2139 473 2204 sibi
496 2144 656 2225 caputque
677 2141 798 2205 nudum

138 2228 239 2295 Cirris
263 2229 439 2314 grandibus
462 2227 539 2294 hinc
562 2231 594 2292 61
615 2229 689 2292 inde
712 2228 859 2313 cingunt:

137 2318 226 2383 Inter
250 2316 517 2402 Spendophorum
540 2315 837 2400 Telesphorumque

137 2404 245 2489 (lydae
268 2409 355 2470 stare
378 2404 510 2488 putabis
533 2402 767 2468 Hermerotem.

136 2492 196 2558 Vis
218 2497 254 2557 111
278 2491 456 2576 simplicius
478 2512 586 2556 senem
608 2491 715 2575 fateri,

93 2581 183 2646 10Ut
204 2581 335 2646 tandem
358 2579 496 2646 videaris
519 2601 602 2644 unus
625 2581 718 2645 esse?

137 2669 237 2735 Calvo
261 2668 388 2755 turpius
412 2666 566 2733 estnihil
589 2671 728 2733 comato.

506 2798 682 2865 LXXXIV.

136 2889 280 2970 Miraris,
304 2911 402 2973 quare
426 2889 601 2954 dormitum
623 2910 689 2953 non
712 2891 765 2952 661
787 2886 890 2954 Afer?

180 2978 361 3042 Accumbat
383 3000 455 3043 cum
479 3000 555 3064 qua,
579 2976 781 3062 Caedicium,
804 2976 903 3044 vides.

513 3109 672 3176 LXXXV.

133 3197 205 3262 Iam
229 3198 336 3263 senior
357 3197 470 3263 Ladon
494 3199 664 3264 Tiberinae
687 3202 789 3264 nauta
811 3199 940 3265 carinae

178 3285 331 3352 Proxima
353 3286 479 3352 dilectis
501 3309 578 3353 rura
600 3287 729 3373 paravit
752 3287 853 3370 aquis.

135 3374 223 3450 Quae
246 3397 318 3440 cum
342 3398 438 3459 saepe
457 3397 561 3461 vagus
578 3380 739 3461 premeret
757 3375 956 3442 torrentibus
980 3377 1074 3441 undis

178 3463 320 3546 Thybris
344 3463 536 3528 ethiberno
559 3466 723 3548 rumperet
745 3485 824 3527 arva
845 3464 930 3545 lacu,

105 3552 314 3617 aEmeritam
337 3552 486 3639 puppim,
508 3553 581 3636 ripa
602 3574 687 3636 quae
710 3551 819 3616 stabat
840 3550 875 3614 in
898 3553 980 3636 alta,

176 3640 331 3725 Implevit
355 3640 440 3705 saxis
465 3642 679 3725 opposuitque
701 3639 801 3705 vadis.

133 3728 186 3794 Sic
210 3728 328 3793 nimias
351 3729 471 3794 avertit
493 3749 604 3813 aquas.
640 3727 719 3804 Quis
744 3727 873 3793 credere
895 3728 1025 3813 possitl

175 3816 342 3881 Auxilium
366 3816 499 3885 domino
522 3839 633 3887 mersa
656 3817 775 3886 carina
793 3817 893 3883 111111.
