2408 4132
133 475 198 542 202
459 477 496 532 M.
515 476 595 531 VAL.
615 474 810 529 nanninus

584 637 687 703 XVII.

177 746 320 810 Latonae
343 744 522 809 venerande
545 765 660 828 nepos,
682 743 738 827 qui
760 742 893 807 mitibus
916 743 1026 807 herbis

221 833 394 900 Parcarum
419 854 530 896 exoras
554 853 654 916 pensa
677 831 854 915 brevesque
877 831 979 909 colos,

177 922 247 988 Hos
270 922 331 986 tibi
354 921 502 985 laudatos
527 920 670 1001 domino,
692 924 764 983 rata
785 923 876 1002 vota,
899 919 1035 1003 capillos·

221 1010 280 1076 Ille
303 1014 378 1074 tuus
400 1007 496 1073 Latia
519 1007 609 1071 misit
632 1008 672 1071 ab
696 1008 775 1071 urbe
797 1029 892 1092 puer,

153 1098 313 1165 5Addidit
337 1099 369 1160 et
391 1097 529 1160 nitidum
554 1096 688 1160 sacratis
713 1094 854 1160 crinibus
878 1095 1003 1179 orbem,

223 1185 292 1261 Quo
316 1186 393 1249 felix
415 1185 514 1249 facies
537 1184 641 1248 iudice
664 1187 736 1249 tuta
758 1183 830 1248 fuit.

178 1275 227 1343 Tu
249 1274 394 1338 iuvenale
418 1273 513 1338 decus
537 1294 642 1354 serva,
664 1293 704 1336 ne
727 1271 891 1356 pulchrior
912 1271 969 1335 ille

222 1361 260 1427 In
283 1363 381 1447 longa
402 1361 501 1426 fuerit
525 1383 621 1445 quarn
644 1360 792 1424 breviore
816 1381 917 1425 corna.

578 1552 697 1619 XVIII.

155 1707 156 1711 =
177 1662 241 1727 Est
250 1662 491 1744 mihi—sitque
500 1681 613 1745 precor
622 1657 1140 1743 longumtepraeside,0aesar-

222 1750 290 1814 Rus
314 1749 495 1832 minimum,
518 1748 612 1831 parvi
635 1752 710 1812 sunt
734 1753 766 1811 et
788 1749 822 1811 in
845 1747 924 1811 urbe
947 1748 1039 1812 lares.

180 1837 242 1903 Sed
266 1838 303 1901 de
326 1837 410 1902 valle
432 1836 536 1918 brevi,
560 1858 638 1920 quas
663 1835 717 1899 det
740 1834 923 1899 sitientibus
947 1835 1066 1921 hortis,

224 1924 329 1991 Curva
350 1925 515 1989 laboratas
540 1924 641 1988 antlia
664 1923 753 1988 tollit
773 1945 890 2008 aquas:

151 2013 270 2080 tsicca
293 2013 406 2078 domus
429 2013 575 2097 queritur
596 2012 687 2076 nullo
712 2033 745 2075 se
768 2033 841 2076 rore
863 2010 979 2098 foveri,

223 2101 305 2167 (lum
329 2102 408 2166 mihi
431 2101 536 2166 vicino
559 2099 681 2164 Marcia
703 2098 793 2164 fonte
817 2103 918 2164 sonet.

181 2191 283 2267 Quam
308 2189 431 2255 dederis
454 2190 589 2272 nostris,
610 2191 769 2274 Auguste,
793 2183 974 2273 penatibus
988 2189 1122 2275 undam,

224 2277 365 2346 Castalis
387 2279 467 2344 haec
490 2278 583 2343 nobis
608 2281 664 2341 aut
687 2276 774 2341 Iovis
797 2276 902 2340 imber
925 2277 996 2342 erit.

593 2452 680 2518 XIX.

178 2560 306 2627 Laudas
329 2561 446 2625 balnea
468 2561 614 2625 versibus
638 2559 791 2624 trecentis

181 2649 333 2716 Cenantis
356 2650 437 2712 bene
459 2647 599 2730 Pontici,
624 2645 761 2712 Sabelle.

179 2737 238 2802 Vis
262 2759 388 2820 cenare,
413 2736 554 2819 Sabelle,
577 2758 642 2801 non
665 2735 777 2801 lavari.

179 3018 283 3098 Haec,
296 3037 377 3100 quae
390 3019 462 3079 tota
476 3019 567 3098 patet
580 3016 764 3101 tegiturque
779 3021 812 3082 et
826 3039 986 3083 marmore
1001 3021 1034 3082 et
1047 3040 1144 3104 auro,

224 3103 363 3169 Infantis
387 3103 509 3168 domini
531 3104 658 3168 conscia
680 3109 768 3169 terra
790 3105 869 3189 fuit,

179 3192 270 3259 Felix
293 3216 324 3276 o,
349 3191 477 3276 quantis
502 3193 610 3256 sonuit
631 3194 795 3278 vagitibus
819 3197 851 3258 et
875 3217 955 3279 quas

79 3318 102 3368 χ
223 3281 315 3346 Vidit
338 3285 503 3364 reptantes
526 3280 741 3366 sustinuitque
764 3304 892 3347 manus:

154 3369 242 3437 tHic
265 3372 401 3434 steterat
423 3369 604 3433 veneranda
627 3370 754 3449 domus,
777 3393 858 3454 quae
880 3372 1044 3455 praestitit
1069 3373 1146 3438 orbi

225 3458 318 3535 Quod
342 3457 472 3522 Rhodos
496 3457 659 3541 astrifero,
682 3459 767 3542 quod
791 3461 845 3542 pia
868 3459 965 3526 Creta
987 3461 1075 3545 polu.

181 3544 315 3612 Curetes
338 3550 446 3610 texere
468 3545 579 3610 Iovem
602 3545 835 3631 crepitantibus
859 3549 970 3632 armis,

225 3634 373 3700 Semiviri
396 3637 548 3718 poterant
570 3635 680 3718 qualia
701 3635 786 3700 ferre
808 3635 970 3722 Phrygem

178 3723 226 3787 At
248 3726 281 3788 te
300 3723 446 3809 protexit
469 3729 620 3806 superum
644 3729 749 3808 pater,
772 3728 805 3789 et
826 3723 889 3791 tibi
909 3766 929 3797 f,
958 3736 961 3741 ‘
1005 3738 1009 3745 '

119 3823 157 3872 10
209 3810 279 3878 Pro
301 3812 412 3879 iaculo
438 3815 471 3880 et
494 3835 612 3902 parma
633 3811 761 3879 tulmen
775 3816 816 3878 et
909 3806 924 3827 ''
