2408 4132
360 340 658 399 EPIGRAMMATON
676 343 743 399 LlB.
761 345 795 399 Π.
1039 345 1080 409 57

509 503 655 569 LXXVI.

121 607 262 693 Argenti
283 610 384 675 libras
407 610 531 675 Marius
550 609 611 673 tibi
635 610 773 695 quinque
796 611 943 695 reliquit,

167 695 228 762 Oui
249 698 331 762 nihil
353 699 423 783 ipse
447 698 559 761 dabas:
582 698 636 762 hic
658 700 720 763 tibi
742 700 841 764 verba
864 700 973 766 dedit?

500 837 663 904 LXXVII.

122 942 274 1028 Cosconi,
298 943 354 1028 qui
376 944 475 1028 longa
496 950 593 1028 putas
617 945 852 1030 epigrammata
873 949 999 1031 nostra,

165 1030 266 1098 Utilis
289 1034 469 1117 unguendis
493 1033 607 1097 axibus
631 1055 702 1098 esse
724 1039 828 1118 potes.

120 1119 192 1186 Hac
214 1125 249 1185 tu
275 1120 447 1185 credideris
471 1120 606 1206 longum
628 1122 755 1186 ratione
778 1123 928 1187 colosson
1024 1130 1027 1137 '

165 1209 212 1273 Et
233 1230 369 1292 puerum
390 1207 486 1273 Bruti
508 1209 626 1274 dixeris
650 1231 719 1274 esse
742 1211 881 1276 brevem.

95 1296 217 1361 oDisoe
241 1297 326 1381 quod
348 1297 493 1382 ignoras:
516 1296 617 1361 Marsi
640 1298 789 1382 doctique
811 1298 950 1362 Pedonis

168 1383 270 1469 Saepe
293 1385 411 1468 duplex
434 1407 533 1449 unum
555 1386 677 1471 pagina
699 1390 819 1451 tractat
841 1409 931 1473 opus.

122 1471 198 1537 Non
216 1477 292 1537 suut
309 1473 409 1559 longa
422 1474 537 1559 quibus
556 1474 639 1538 nihil
654 1477 704 1538 est
723 1475 807 1558 quod
822 1475 947 1539 demere
963 1475 1068 1558 possis
1073 1525 1082 1558 ‚

167 1559 230 1626 Sed
251 1565 301 1640 tu,
325 1560 475 1645 Cosconi,
498 1561 637 1627 disticha
659 1563 760 1648 longa
781 1563 871 1628 lacis.

492 1719 671 1785 LXXVIII.

123 1825 257 1890 Aestivo
281 1847 388 1890 serves
412 1825 469 1890 ubi
491 1825 612 1908 piscem
635 1829 795 1911 tempore,
818 1827 968 1911 quaeris?

165 1912 205 1976 ln
227 1913 363 1978 thermis
388 1936 495 1997 serva,
518 1911 712 1998 Caeciliam,
736 1915 802 1978 tuis

508 2069 657 2136 LXXIX.

121 2179 247 2243 Invitas
269 2181 346 2243 tunc
369 2199 434 2256 me,
457 2197 529 2241 cum
553 2176 630 2260 scis,
653 2175 786 2262 Nasica,
808 2200 950 2244 vocasse.

166 2267 366 2332 Excusatum
388 2263 511 2329 habeas
533 2286 585 2328 me
608 2285 702 2350 rogo:
726 2288 804 2330 ceno
829 2266 924 2331 domi.
947 2269 993 2318 s
1074 2330 1076 2335 ⁴

519 2422 646 2490 LXXX.

122 2530 259 2595 Hostem
281 2553 354 2596 eum
376 2529 517 2614 fugeret,
540 2552 574 2595 se
597 2529 740 2594 Fannius
753 2530 833 2613 ipse
855 2533 1001 2614 peremit.

166 2617 241 2702 Hic,
263 2639 359 2704 rogo,
380 2640 447 2683 non
468 2617 560 2683 furor
583 2622 645 2697 est,
668 2640 709 2683 ne
732 2620 884 2704 moriare,
907 2620 1013 2684 mori?

507 2775 653 2843 LXXXI.

122 2883 240 2948 Laxior
261 2882 458 2967 hexaphoris
476 2887 534 2947 tua
557 2884 600 2947 sit
622 2882 736 2948 lectica
759 2870 885 2948 licebit}

167 2971 248 3038 Cum
270 2975 380 3036 tamen
402 2970 482 3036 haee
505 2974 563 3035 tua
585 2971 642 3055 sit,
664 2971 767 3055 Zoilo,
790 2971 959 3056 sandapila
982 2974 1040 3037 est.

501 3129 662 3194 LXXXII.

122 3236 262 3302 Abscisa
285 3258 414 3302 servum
437 3236 515 3319 quid
537 3236 623 3321 figis,
646 3234 793 3318 Pontice,
816 3235 951 3320 lingua?

165 3324 281 3391 Nescis
303 3329 341 3388 tu
363 3325 533 3409 populum,
556 3323 642 3408 quod
664 3327 752 3389 tacet
773 3323 841 3408 ille,
864 3324 974 3408 loqui?

492 3480 670 3547 LXXXIII.

121 3589 274 3655 Foedasti
296 3572 464 3672 miserum,
486 3589 616 3674 marite,
638 3589 825 3674 moechum,

120 3676 168 3743 Et
187 3700 235 3764 se,
259 3679 314 3764 qui
336 3678 466 3746 fueraut
489 3679 597 3769 prius,
618 3678 798 3767 requiruuh
