2408 4132
345 480 643 537 EPIGRAMMATON
660 481 727 538 LIB.
746 482 812 536 VIII
1024 481 1086 546 187

511 643 658 708 XLVIII.

126 749 251 828 Nescit,
274 750 326 814 eui
348 748 472 813 dederit
495 750 625 833 Tyriam
649 747 817 832 Crispinus
842 749 996 833 abellam,

169 838 255 902 Dum
280 840 386 901 mutat
409 838 516 902 cultus
539 838 745 922 induiturque
768 842 889 922 togam.
1086 915 1089 921 Ι

128 926 278 1010 Quisquis
292 926 408 1008 habes,
421 926 541 990 umeris
560 949 618 990 sua
636 948 770 990 munera
783 926 892 1004 redde,
906 922 1087 1010 precamus:

170 1013 245 1079 Non
267 1015 329 1079 hoo
352 1012 520 1097 Crispinus
543 1017 589 1097 te,
612 1015 668 1080 sed
692 1015 802 1080 abolla
824 1018 928 1100 rogat.

100 1101 201 1167 oNon
224 1103 405 1186 quicunque
428 1104 514 1185 eapit
538 1106 702 1168 saturatas
725 1103 846 1168 murice
869 1105 989 1181 vestes,

60 1228 62 1231 ·
169 1190 238 1255 Ν11
260 1191 325 1254 nisi
348 1190 471 1256 deliciis
494 1192 646 1256 convenit
667 1191 729 1256 iste
752 1194 850 1257 color.

128 1277 162 1343 Si
183 1284 216 1343 te
238 1279 360 1363 praeda
382 1280 472 1344 iuvat
494 1279 643 1364 foedique
666 1280 793 1344 insania
816 1281 912 1363 lueri,

171 1367 241 1444 Qua
263 1368 369 1451 possis
392 1368 507 1433 melius
532 1368 657 1453 fallere,
681 1390 771 1433 sume
794 1372 915 1454 togam.

528 1508 643 1575 XLIX.

127 1615 317 1680 Formosam
339 1637 430 1698 sane,
453 1615 509 1679 sed
532 1637 645 1680 caecus
669 1615 778 1701 diligit
801 1614 917 1698 Asper·

170 1702 248 1768 Plus
272 1724 364 1788 ergo,
387 1707 424 1768 ut
446 1725 498 1768 res
522 1707 584 1787 est,
608 1726 706 1788 quam
728 1704 816 1769 videt
834 1703 941 1802 Asper
965 1706 1060 1767 amat.

1110 1143 1113 1150 Ι
1125 1090 1157 1135 s

569 1863 603 1926 L.

117 1941 255 2044 Quanta
278 1966 432 2052 Gigantei
453 1973 652 2033 memoratur
674 1990 786 2033 mensa
807 1968 967 2051 triumphi

171 2055 361 2140 Quantaque
384 2079 449 2120 nox
472 2057 597 2140 superis
621 2057 769 2121 omnibus
793 2057 851 2120 illa
873 2057 949 2137 fuit,

127 2143 198 2219 Qua
219 2144 323 2209 bonus
347 2141 497 2209 accubuit
519 2145 648 2230 genitor
671 2166 743 2209 oum
766 2144 862 2229 plebe
885 2144 1018 2208 deorum

171 2233 217 2297 Et
238 2233 331 2297 licuit
353 2232 472 2297 Faunis
495 2253 626 2315 poscere
649 2233 725 2297 vina
747 2230 872 2296 Iovem:
975 2250 977 2256 ’

101 2321 235 2386 oTanta
256 2325 330 2385 tuas
353 2321 528 2404 eelebrent,
552 2319 684 2404 Caesar,
707 2320 854 2384 convivia
876 2320 1000 2402 laurus3

170 2408 366 2474 Exhilarant
388 2409 478 2494 ipsos
502 2408 620 2493 gaudia
642 2412 755 2472 nostra
778 2407 863 2472 deos.

127 2496 279 2561 Vescitur
303 2497 408 2563 omnis
432 2519 529 2580 eques
552 2501 661 2561 tecum
682 2495 886 2581 populusque
904 2499 1089 2579 patresque,

172 2584 217 2650 Et
239 2587 326 2670 sapit
349 2586 529 2650 ambrosias
552 2607 624 2650 oum
649 2585 726 2649 duee
749 2584 854 2648 Roma
876 2583 983 2666 dapes.
1039 2663 1047 2670 ,

128 2673 272 2738 Grandia
294 2674 458 2758 pollicitus
482 2677 604 2757 quanto
628 2674 752 2737 maiora
774 2672 903 2736 dedisti!

87 2779 118 2827 ιο
171 2761 337 2827 Promissa
360 2767 409 2827 est
432 2763 527 2826 nobis
551 2761 710 2845 sportula,
733 2764 821 2825 reeta
845 2761 921 2825 data
944 2763 1002 2825 est.

560 2920 611 2985 LI.

129 3027 208 3104 Quis
231 3027 326 3092 labor
348 3028 382 3092 in
405 3028 538 3112 phiala?
566 3027 654 3092 docti
675 3021 783 3111 Myos,
807 3048 889 3091 anne
911 3026 1090 3110 Myronos?

173 3115 331 3180 Mentoris
354 3115 433 3181 haee
457 3137 570 3180 manus
594 3118 657 3199 est,
680 3138 734 3198 an,
756 3114 930 3199 Polyclito,
952 3116 1032 3180 tua?

129 3203 270 3269 Livescit
292 3205 381 3269 nulla
404 3204 542 3291 ealigine
564 3203 657 3268 fusca
679 3225 738 3268 neo
761 3204 830 3269 odit

172 3292 404 3376 Exploratores
427 3293 539 3358 nubila
562 3314 671 3356 massa
692 3291 798 3375 focos3

102 3379 214 3446 5Vera
237 3382 343 3445 minus
365 3381 450 3446 flavo
472 3381 602 3445 radiant
625 3380 745 3444 electra
767 3379 915 3462 metallo,

172 3468 217 3534 nt
238 3472 369 3534 niveum
391 3469 470 3533 felix
492 3469 626 3554 pustula
647 3468 749 3533 vineit
773 3469 861 3532 ebur.

127 3556 284 3623 Materiae
306 3579 371 3622 non
395 3557 480 3621 oedit
503 3579 599 3641 opus:
623 3557 669 3621 sio
693 3556 809 3640 alligat
832 3555 958 3639 orbem,

171 3644 317 3712 Plurima
340 3667 412 3711 oum
435 3649 507 3709 tota
529 3644 679 3730 lampade
703 3645 780 3707 luna
802 3644 893 3707 nitet.

129 3730 203 3800 Stat
225 3731 320 3820 oap'er
342 3733 459 3799 Aeolio
482 3733 631 3798 Thebani
652 3733 770 3797 vellere
793 3729 907 3797 Phrixi

84 3837 118 3889 ιο
171 3819 363 3904 0111111111
385 3821 449 3888 1111
472 3822 588 3889 mallet
610 3825 711 3890 uesta
730 3821 840 3889 tuisse
862 3840 981 3898 soror„
