2408 4132
89 492 155 556 314
414 489 452 544 n.
470 488 552 544 vau.
570 487 767 542 ursmarus
907 446 910 451 Δ

448 650 532 716 LXI.
554 650 734 732 Atthenue.
824 728 826 731 ι

133 749 224 814 Inter
246 769 378 834 sapores
399 747 504 812 fertur
526 747 641 811 alitum
662 747 787 831 primus

134 837 316 903 Ionicarum
338 840 454 922 gustus
477 838 714 919 attagenamm.

395 975 493 1040 LXIL
517 975 664 1041 Gallinae
684 976 793 1041 altiles.

135 1074 285 1140 Pascitur
306 1077 340 1138 et
361 1072 447 1137 dulci
468 1071 576 1136 facilis
598 1071 723 1157 gallina
744 1070 863 1155 farina,

178 1162 328 1228 Pascitur
350 1165 384 1225 et
404 1160 557 1225 tenebris.
592 1158 767 1244 Ingeniosa
790 1161 868 1246 gula
888 1164 950 1225 est

451 1299 567 1364 LXlIL
589 1298 734 1382 Capones.

136 1397 187 1464 Ne
208 1398 306 1465 nimis
329 1398 485 1463 exhausto
509 1399 721 1462 macresceret
742 1395 875 1483 inguine
898 1397 1028 1482 gallus,

181 1486 302 1553 Amisit
323 1488 434 1551 testes.
469 1484 564 1551 Nunc
587 1485 669 1550 mihi
692 1485 799 1570 gallus
822 1485 893 1549 erit

479 1624 593 1691 LXIV.
616 1626 713 1690 Idem.

139 1722 327 1789 Succumbit
350 1721 454 1786 sterili
475 1721 599 1786 frustra
620 1721 745 1807 gallina
767 1718 893 1786 marito.

181 1809 275 1876 Hunc
297 1809 412 1874 matris
436 1806 572 1893 Cybeles
595 1831 665 1874 esse
688 1809 822 1874 decebat
845 1829 947 1874 avem.

459 1947 556 2014 LXV.
578 1949 727 2016 Perdices.
823 1970 826 1974 ·

138 2055 275 2122 Ponitur
295 2053 450 2120 Ausoniis
473 2053 542 2119 aris
564 2054 644 2120 haec
666 2055 835 2120 rarissima
856 2056 994 2121 mensis:

182 2143 275 2210 Hono
296 2142 332 2207 in
352 2142 477 2226 piscina
497 2142 606 2207 ludere
629 2164 725 2227 saepe
748 2145 843 2209 soles.

442 2281 559 2349 LXVL
580 2281 750 2351 Columbae.

139 2389 190 2456 Ne
211 2389 313 2455 violes
335 2393 463 2453 teneras
485 2389 615 2473 periuro
638 2388 734 2454 dente
756 2390 937 2475 columbas,

183 2477 318 2543 Tradita
340 2478 370 2543 si
391 2475 527 2542 Gnidiae
550 2481 627 2542 sunt
648 2477 711 2543 tibi
734 2500 825 2544 sacru
847 2479 933 2543 deae.

442 2615 573 2683 LXVIL
595 2617 751 2684 Putandi.

140 2722 279 2810 Inguina
300 2722 446 2806 torquati
468 2722 599 2788 tardant
620 2723 840 2809 hebetantque
861 2719 1027 2808 palumbi:

183 2811 259 2877 Non
281 2810 356 2876 edat
376 2809 460 2874 hene
481 2810 645 2876 volucrem
668 2811 725 2894 qui
746 2810 835 2895 cupit
857 2832 927 2877 esse
950 2813 1055 2879 salax.

442 2947 593 3014 LXVIIL
618 2948 755 3017 Galbuli.

109 3091 111 3094 ·
141 3055 280 3122 Galbina
303 3053 461 3139 decipitur
482 3055 617 3120 calamis
640 3060 673 3120 et
694 3057 819 3123 retibus
842 3057 923 3141 ales,

186 3144 311 3230 Turget
333 3143 436 3209 adhuc
457 3143 554 3209 viridi
576 3165 649 3210 eum
671 3145 761 3210 rudis
783 3167 846 3213 uva
868 3166 967 3212 mero.

474 3282 588 3350 LXIX.
611 3282 727 3352 Guttae.

141 3391 343 3457 Pannonicas
365 3391 459 3456 nobis
482 3413 648 3475 nunquam
671 3391 761 3457 dedit
783 3391 921 3458 Umbria
942 3397 1067 3462 cattas:

185 3495 310 3563 Mavult
332 3496 411 3562 haec
433 3495 563 3561 domino
586 3496 717 3562 mittere
734 3495 819 3561 dona
840 3496 979 3564 Pudens.

466 3635 565 3703 LXX.
586 3636 733 3704 Pavones.

137 3742 284 3833 Miraris,
308 3743 458 3831 quotiens
482 3746 683 3832 gemmantes
706 3741 845 3828 explicat
868 3739 951 3828 alas,

169 3833 220 3902 Et
239 3838 343 3925 potes
368 3833 460 3906 hunc
481 3831 752 3905 saemffl
771 3828 870 3908 bure,
885 3831 983 3893 eoco‘t
