2408 4132
370 342 666 398 nriensunsron
683 344 799 401 uisne,
930 334 932 340 ’
1066 345 1090 422 5

512 504 604 589 xvi,
625 507 656 571 e.

80 641 84 648 ·
125 612 266 699 Vexerat
287 611 440 696 Europen
461 611 606 676 fraterna
628 633 687 697 per
709 634 850 697 aequora
873 616 998 677 taurus:

168 703 214 765 At
236 721 321 764 nunc
343 699 479 764 Alciden
500 703 612 764 taurus
637 704 670 764 in
694 707 783 765 astra
805 701 892 765 tulit.

124 788 272 854 Caesaris
296 793 393 872 atque
416 787 503 852 Iovis
527 788 637 853 confer
654 811 753 874 nunc,
770 789 872 867 fame,
893 789 1059 853 iuvencos:

168 877 232 941 Par
255 898 335 940 onus
359 880 395 940 ut
419 875 566 959 tulerint,
588 875 687 941 altius
711 876 773 942 iste
795 879 883 941 tulit.

533 1016 637 1081 XVII.

81 1139 83 1142 ⁴
124 1124 217 1201 Quod
240 1111 316 1208 pius'
336 1127 369 1188 et
393 1123 529 1207 supplex
553 1123 684 1207 elephas
708 1128 753 1207 te,
777 1120 909 1208 Caesar,
932 1102 1047 1188 adorat

168 1212 231 1277 Hic
254 1211 349 1276 modo
373 1212 429 1298 qui
451 1216 546 1276 tauro
569 1215 638 1275 tam
662 1211 853 1276 metuendus
876 1216 961 1295 erat,
1128 1208 1130 1211 ’

118 1300 201 1385 ¹Non
222 1299 303 1365 facit
325 1299 386 1364 hoc
410 1301 516 1364 iussus
539 1299 692 1382 nulloque
715 1300 848 1364 docente
872 1301 1043 1386 magistro:
1175 1298 1185 1315 ”

170 1388 270 1455 Orode
293 1388 386 1471 mihi,
408 1392 558 1452 nostrum
582 1388 681 1452 sentit
704 1393 738 1452 et
760 1388 817 1452 ille
840 1388 944 1454 deum
1017 1389 1020 1396 ’

527 1518 649 1584 XVIII.

123 1619 282 1684 Lambere
305 1619 410 1682 securi
433 1617 579 1682 dextram
604 1619 758 1682 consueta
781 1617 931 1701 magistri

169 1707 291 1794 Tigris,
315 1706 355 1770 ab
379 1705 533 1788 Hyrcano
556 1705 662 1789 gloria
685 1728 760 1770 rara
781 1704 873 1791 iugo,

125 1795 229 1861 Saeva
251 1794 357 1859 ferum
378 1794 491 1858 rabido
515 1794 670 1858 laceravit
693 1794 788 1858 dente
810 1794 952 1858 leonem:

169 1885 233 1948 Res
255 1905 353 1965 nova,
375 1904 442 1946 non
464 1881 541 1947 ullis
565 1882 696 1967 cognita
719 1881 930 1966 temporibus.

97 1973 216 2038 eAusa
240 1976 289 2035 est
312 1973 378 2035 tale
400 1970 497 2048 nihil,
520 1969 612 2034 silvis
636 1969 712 2035 dum
735 1970 817 2034 vixit
840 1971 874 2033 in
896 1969 992 2033 altis:-

169 2059 347 2145 Postquam
371 2058 539 2123 internos
562 2061 625 2140 est,
648 2058 723 2140 plus
746 2058 889 2122 feritatis
912 2058 1020 2122 habet.

545 2197 631 2262 XIX.

126 2306 188 2382 Qui
211 2305 307 2370 modo
330 2327 388 2389 per
415 2307 522 2368 totam
547 2304 689 2368 flammis
718 2304 905 2367 stimulatus
933 2303 1089 2368 harenam

171 2393 354 2459 Sustulerat
376 2397 488 2476 raptas
511 2397 624 2457 taurus
648 2393 682 2456 in
706 2396 795 2456 astra
818 2392 915 2476 pilas,

125 2482 284 2548 Occubnit
306 2481 438 2546 tandem
461 2503 560 2546 cornu
584 2480 705 2545 maiore
728 2483 864 2565 petitus,

169 2571 257 2636 Dum
278 2570 407 2635 facilem
431 2569 506 2635 tolli
530 2570 576 2634 sic
599 2569 773 2654 elephanta
794 2572 899 2654 putat.

551 2710 621 2774 XX.

126 2817 207 2884 Cum
217 2821 343 2903 peteret
352 2839 427 2902 pers
438 2817 517 2882 haec
526 2816 698 2900 Myrinum,
708 2838 784 2899 pars
798 2816 857 2880 illa
866 2815 1089 2901 Triumphum,

170 2906 326 2971 Promisit
348 2905 470 2990 pariter
494 2903 613 2969 Caesar
635 2908 771 2988 utraque
795 2927 901 2970 manu.

125 2994 201 3060 Non
225 2994 333 3079 potuit
356 2994 472 3058 melius
496 2993 588 3058 litem
611 2993 710 3057 finire·
726 2993 878 3057 iocosam.

170 3082 198 3149 Ο
221 3083 312 3147 dulce
334 3082 447 3147 invicti
469 3082 624 3166 principis
647 3081 826 3167 ingenium!

545 3222 630 3286 XXI.

126 3329 289 3414 Quidquid
310 3330 345 3393 in
369 3328 498 3413 Orpheo
521 3329 679 3412 Rhodope
702 3332 866 3412 spectasse
889 3328 1017 3392 theatro
1128 3375 1132 3384 .

169 3419 310 3502 Dicitur,
333 3417 492 3494 exhibuit,
516 3415 649 3497 Caesar,
671 3416 793 3481 harena
815 3416 886 3480 tibi.

124 3507 310 3591 Repserunt
333 3505 458 3591 scopuli
481 3504 690 3588 mirandaque
715 3504 797 3568 silva
821 3503 974 3588 cucurrit,

172 3595 275 3670 Quale
297 3595 400 3661 fuisse
422 3616 536 3658 nemus
560 3594 701 3659 creditur
723 3592 961 3679 Hesperidum.

98 3684 241 3749 ehdfoit
259 3684 432 3752 inmixtum
455 3685 571 3781 pecori
595 3707 702 3775 genus
727 3707 830 3753 omne
849 3682 1012 3748 terarum
