2408 4132
377 476 669 534 EPIGRAMMATON
687 481 753 535 LIB.
773 482 834 538 VII.
1031 485 1089 550 17]

104 638 224 715 eQuod
247 662 319 704 sum
341 641 536 724 praeteritus
560 644 652 705 vetus
676 641 820 706 sodalis?

132 727 195 792 Sed
218 750 349 792 causam
373 729 453 793 scio:
476 729 568 792 nulla
590 731 680 793 venit
702 752 722 793 a
745 752 795 795 me

131 816 272 900 Hispani
295 816 356 880 tibi
379 816 464 881 libra
487 817 647 899 pustulati

131 903 200 969 Nec
223 904 304 969 levis
327 909 406 988 toga
428 927 487 969 nec
509 906 605 970 rudes
629 907 785 971 lacernae.

72 1051 74 1054 .
131 992 206 1057 Non
229 996 279 1057 est
302 993 461 1076 sportula,
485 1015 566 1077 quac
588 994 786 1078 negotiatum

90 1099 122 1146 10
131 1081 241 1145 Pascis
265 1103 411 1164 munera,
437 1079 547 1164 Sexte,
570 1103 637 1146 non
660 1081 790 1146 amicos.

132 1168 202 1232 Iam
226 1167 312 1233 dices
336 1168 415 1232 mihi
437 1168 599 1252 „Vapulat
622 1168 783 1234 vocator.“

497 1323 690 1391 LXXXVII.

134 1431 169 1498 si
191 1455 282 1498 meus
306 1433 410 1497 aurita
434 1433 554 1518 gaudet
576 1433 764 1517 lagalopece
787 1434 936 1520 Flaccus,

178 1520 213 1585 si
236 1520 353 1585 fruitur
375 1521 464 1585 tristi
488 1520 605 1586 Canius
628 1522 819 1607 Aethiopep

132 1609 268 1674 Publius
291 1610 425 1693 exiguae
449 1610 477 1672 si
499 1610 618 1694 flagrat
640 1632 749 1675 amore
772 1612 922 1695 catellae,

179 1696 214 1762 si
238 1696 373 1762 Cronius
397 1697 538 1761 similem
561 1698 805 1780 cercopithecon
828 1704 930 1784 amat,

109 1786 284 1851 oDclectat
306 1784 446 1849 Marium
470 1786 498 1850 si
519 1786 718 1870 perniciosus
741 1787 947 1872 ichneumon,

178 1874 255 1938 Pica
278 1874 450 1938 salutatrix
474 1874 502 1937 si
524 1874 599 1957 tibi,
622 1873 740 1959 Lause,
763 1875 883 1960 placet3

135 1960 169 2027 si
193 1962 336 2046 gelidum
360 1962 445 2026 collo
468 1962 570 2026 nectit
593 1962 754 2027 Glaucilla
776 1964 960 2048 draconem,

177 2049 329 2114 Luscinio
352 2050 514 2114 tumulum
537 2051 565 2113 si
589 2050 738 2115 Telesina
762 2051 861 2115 dedit:

133 2138 260 2203 Blanda
283 2136 451 2222 Cupidinei
475 2159 531 2202 cur
553 2159 618 2201 non
642 2142 729 2202 amet
752 2160 809 2203 ora
832 2139 994 2221 Labyeae,

93 2243 124 2292 10
180 2226 242 2301 Qui
264 2227 353 2290 videt
375 2227 455 2290 haec
479 2226 617 2289 dominis
641 2229 787 2290 monstra
809 2228 938 2310 placere
962 2227 1050 2292 suis?

486 2383 696 2448 LXXXVIII.

134 2490 249 2556 Fertur
270 2490 391 2555 habere
415 2511 518 2574 meos,
542 2491 570 2554 si
594 2512 670 2554 vera
693 2493 743 2554 est
764 2489 866 2575 fama,
890 2491 1019 2555 libellos

178 2581 269 2644 Inter
291 2579 422 2644 delicias
445 2578 582 2663 pulchra
604 2576 731 2643 Vienna
753 2601 840 2642 suas:

135 2668 187 2732 Me
209 2661 292 2752 legit
315 2667 419 2732 omnis
441 2666 488 2730 ibi
511 2668 619 2730 senior
640 2666 829 2750 iuvenisque
851 2689 1008 2752 puerque,

178 2757 225 2821 Et
247 2777 355 2821 coram
378 2756 493 2819 tetrico
518 2759 607 2819 casta
630 2755 739 2837 puella
761 2755 840 2819 viro.

110 2844 207 2909 5Hoc
230 2863 291 2927 ego
315 2843 499 2927 maluerim,
524 2865 621 2927 quam
645 2843 674 2907 si
696 2865 769 2907 mea
787 2843 930 2908 earmina
949 2847 1080 2909 cantent

180 2931 242 3008 Qui
260 2931 373 2996 Nilum
397 2953 436 2995 ex
457 2932 529 3016 ipso
551 2930 700 3014 protinus
724 2953 779 2996 ore
802 2932 931 3015 bibunt,

137 3020 240 3095 Quam
263 3041 353 3084 meus
374 3018 522 3104 Hispano
546 3020 648 3084 sime
671 3019 780 3104 Tagus
803 3020 939 3103 impleat
962 3041 1055 3103 auro,

179 3109 296 3174 Pascat
319 3112 352 3172 et
374 3107 484 3191 Hybla
507 3130 609 3192 meas,
632 3113 747 3192 pascat
769 3107 944 3191 Hymettos
968 3131 1053 3190 apes.

136 3195 210 3262 Non
232 3197 315 3261 nihil
338 3216 415 3280 ergo
434 3218 558 3278 sumus,
580 3218 639 3260 nec
658 3196 796 3260 blandae
815 3217 946 3260 munere
967 3195 1098 3282 linguae

94 3301 125 3350 10
179 3285 380 3370 Decipimur:
403 3285 532 3349 credam
554 3285 633 3367 iam,
657 3287 749 3369 puto,
772 3282 892 3369 Lause,
914 3284 982 3349 tibi

504 3441 680 3506 LXXXIX.

134 3548 165 3632 I,
188 3549 266 3614 felix
289 3571 377 3631 rosa,
401 3548 617 3633 mollibusque
641 3548 736 3613 sertis

135 3636 250 3702 Nostri
274 3638 365 3722 cinge
389 3658 498 3701 comas
521 3636 732 3720 Apollinaris.
759 3693 761 3696 r

137 3724 223 3801 Quas
247 3730 284 3789 tu
306 3729 433 3790 nectere
456 3725 624 3808 candidas,
647 3725 703 3788 sed
726 3723 805 3787 olim
827 3759 864 3769 -

135 3811 188 3878 Sic
211 3817 244 3878 te
265 3835 394 3902 semper
415 3817 505 3881 amet
525 3811 642 3882 Venus
662 3851 705 3861 —
724 3815 911 3880 merosum.
