2408 4132
381 469 677 527 EPIGRAMMATON
694 471 760 528 LIB.
779 473 812 530 X.
1034 473 1098 537 229

139 632 201 696 Hie
224 654 285 718 ego
310 633 385 717 quid
406 631 548 698 faciam?
572 633 648 717 quid
670 633 777 717 nobis,
796 633 907 717 Paule,
930 634 1099 719 relinquis,

184 721 247 797 Qui
270 722 309 785 de
332 721 427 806 plebe
449 720 577 786 Numae
600 722 762 806 densaque
784 722 881 786 turba
904 724 1037 787 sumus?

114 808 200 884 seui
223 832 274 874 me
297 809 461 893 respiciet,
484 810 650 874 dominum
672 830 843 894 regemque
866 810 1011 875 vocabo?

182 896 254 962 Hoc
276 901 313 961 tu
335 933 371 944 -
394 897 450 962 sed
473 901 594 981 quanto
617 898 781 962 blandius!
800 898 932 981 -ipse
954 897 1043 964 facis.

139 985 300 1050 Lecticam
324 985 478 1050 sellamve
502 987 639 1069 sequar?
661 1007 719 1050 neo
742 986 825 1050 ferre
848 1007 991 1071 recusae,

182 1074 244 1138 Per
266 1073 408 1138 medium
430 1095 557 1160 pugnas
581 1075 638 1139 sed
660 1074 749 1157 prior
771 1074 835 1137 isse
859 1073 973 1138 lutum.

142 1161 275 1244 Saepius
299 1182 470 1246 assurgam
492 1162 643 1226 recitanti
666 1162 830 1227 earmina?
853 1165 889 1226 tu
912 1165 979 1226 stas

97 1267 129 1314 10
183 1250 229 1314 Et
251 1250 375 1333 pariter
397 1249 542 1335 geminas
565 1251 670 1315 tendis
692 1250 727 1313 in
750 1272 806 1314 ora
828 1272 952 1315 manus.

140 1337 223 1413 Quid
245 1338 344 1402 faciet
366 1360 502 1422 pauper,
525 1339 577 1403 cui
597 1360 665 1403 non
686 1338 762 1402 licet
785 1359 854 1402 esse
877 1338 1009 1403 clienti?

183 1426 317 1490 Dimisit
339 1430 469 1491 nostras
491 1447 634 1512 purpura
656 1429 765 1491 vestra
787 1430 891 1510 togas

570 1555 617 1620 XI

139 1653 195 1718 Nil
219 1653 307 1717 aliud
331 1653 486 1738 loqueris,
510 1675 607 1737 quam
629 1653 756 1718 Thesea
777 1652 1036 1737 Pirithoumque,

183 1741 292 1827 Teque
314 1745 409 1827 putas
432 1741 562 1826 Pyladi,
586 1740 780 1824 Calliodorc,
802 1763 922 1826 parem.

139 1830 343 1914 Dispeream,
367 1830 395 1894 si
417 1833 454 1894 tu
476 1829 593 1914 Pyladi
615 1833 782 1915 praestare
805 1829 972 1894 matellam

183 1918 309 2003 Dignus
333 1940 367 1982 es
390 1924 447 1982 aut
468 1940 584 2004 porcos
606 1940 739 2002 pascere
761 1916 908 1982 Pirithoi.

113 2005 283 2090 5„Donavi
305 2008 433 2071 temen“
455 2007 562 2090 inquis
583 2007 707 2090 „amieo
731 2005 821 2071 milia
843 2007 982 2090 quinque

183 2094 227 2160 Et
249 2095 352 2159 lotam
375 2098 412 2158 ut
434 2095 573 2159 multum
596 2097 685 2159 terve
708 2098 862 2177 quaterve
884 2091 1023 2177 togam.“

141 2183 238 2265 Quid,
262 2183 347 2266 quod
369 2183 416 2246 nil
438 2204 580 2266 unquam
603 2180 742 2265 Pylades
765 2181 898 2246 donavit
920 2180 1075 2245 Orestae?

184 2270 247 2347 Qui
269 2271 368 2335 donat
392 2271 538 2354 quamvis
561 2269 715 2354 plurima,
737 2271 833 2353 plura
854 2271 961 2353 negat.

560 2409 624 2474 XII

139 2507 298 2571 Aemiliae
322 2509 434 2593 gentes
458 2509 491 2571 et
513 2507 701 2591 Apollineas
724 2504 889 2571 Vercellas

183 2596 228 2659 Et
251 2595 468 2660 Phaethontei
491 2596 547 2678 qui
568 2596 652 2679 petis
677 2617 755 2659 arva
776 2592 871 2676 Padi,

138 2683 188 2747 Ne
210 2683 331 2766 vivam,
354 2684 486 2762 uisite,
509 2683 647 2765 Domiti,
670 2682 798 2746 dimitto
822 2682 973 2766 libenter,

183 2771 284 2836 Grata
307 2772 384 2836 licet
406 2771 475 2836 sine
497 2775 530 2835 tc
553 2772 596 2836 sit
618 2771 698 2835 mihi
719 2771 811 2835 nulla
834 2771 915 2835 dies:

112 2859 200 2926 asad
225 2859 417 2924 desiderium
440 2860 524 2924 tanti
548 2864 610 2943 est,
632 2863 670 2924 ut
691 2881 794 2924 messe
817 2860 869 2924 vel
889 2882 956 2924 una

181 2947 315 3013 Urbano
338 2949 460 3012 releves
484 2948 568 3014 colla
589 2952 724 3033 perusta
746 2949 832 3033 iugo.

137 3036 154 3101 I
176 3058 290 3119 precor
312 3040 345 3100 et
367 3038 456 3101 totos
480 3037 573 3102 avida
595 3040 667 3101 cute
690 3036 835 3101 combibe
858 3035 956 3118 soles,
975 3071 1016 3082 —

182 3124 208 3189 Ο
233 3146 330 3208 quam
352 3124 526 3204 formosus,
550 3126 626 3189 dum
648 3125 836 3210 peregrinus
861 3124 938 3188 erist

138 3213 182 3277 Et
204 3214 314 3277 venies
339 3213 421 3277 albis
443 3235 509 3278 non
533 3213 775 3298 adgnoscendus
799 3211 935 3280 amicis.

94 3319 127 3366 10
182 3300 374 3385 Livebitque
397 3301 461 3365 tuis
485 3302 609 3385 pallida
630 3301 726 3365 turba
749 3299 849 3385 genis.

139 3388 200 3453 Sed
222 3391 276 3453 via
299 3411 394 3473 quem
418 3388 554 3472 dederit,
576 3390 681 3474 rapiet
704 3388 768 3453 cito
791 3387 895 3452 Roma
919 3387 1070 3472 colorem,

181 3477 309 3542 Niliaco
333 3476 444 3541 redeas
467 3480 503 3542 tu
526 3478 602 3542 lieet
626 3498 679 3542 ore
702 3476 803 3560 niger.

549 3617 630 3682 XIII

137 3715 218 3782 Cum
242 3715 488 3782 cathedralieios
510 3718 620 3800 portet
631 3667 703 3779 'tibi
725 3714 823 3779 raeda
844 3673 1010 3777 ministros

180 3806 226 3870 Et
248 3805 349 3890 Libys
372 3804 406 3869 in
428 3805 528 3893 longo
552 3805 687 3890 pulvere
710 3803 810 3870 sudet
830 3822 952 3886 eques,
