<?xml version="1.0" encoding="UTF-8"?>
<!DOCTYPE html PUBLIC "-//W3C//DTD XHTML 1.0 Transitional//EN"
    "http://www.w3.org/TR/xhtml1/DTD/xhtml1-transitional.dtd">
<html xmlns="http://www.w3.org/1999/xhtml" xml:lang="en" lang="en">
 <head>
  <title>
</title>
<meta http-equiv="Content-Type" content="text/html;charset=utf-8" />
  <meta name='ocr-system' content='tesseract 3.04.00' />
  <meta name='ocr-capabilities' content='ocr_page ocr_carea ocr_par ocr_line ocrx_word'/>
</head>
<body>
  <div class='ocr_page' id='page_1' title='image "./mvaleriimartial00gilbgoog/mvaleriimartial00gilbgoog_0060.png"; bbox 0 0 2408 4132; ppageno 0'>
   <div class='ocr_carea' id='block_1_1' title="bbox 374 251 1120 382">
    <p class='ocr_par' dir='ltr' id='par_1_1' title="bbox 374 251 1120 382">
     <span class='ocr_line' id='line_1_1' title="bbox 374 251 1120 382; baseline 0.02 -14"><span class='ocrx_word' id='word_1_1' title='bbox 374 314 669 372; x_wconf 81' lang='lat' dir='ltr'><strong>EPIGRAMMATON</strong></span> <span class='ocrx_word' id='word_1_2' title='bbox 686 316 752 372; x_wconf 86' lang='lat' dir='ltr'>LIB.</span> <span class='ocrx_word' id='word_1_3' title='bbox 771 317 792 375; x_wconf 89' lang='lat'><strong>1.</strong></span> <span class='ocrx_word' id='word_1_4' title='bbox 1047 318 1089 382; x_wconf 85' lang='lat'><strong>13</strong></span> <span class='ocrx_word' id='word_1_5' title='bbox 1104 251 1120 280; x_wconf 40' lang='grc' dir='ltr'><strong><em>ἢ</em></strong></span> 
     </span>
    </p>
   </div>
   <div class='ocr_carea' id='block_1_2' title="bbox 127 478 1060 757">
    <p class='ocr_par' dir='ltr' id='par_1_2' title="bbox 127 478 1060 757">
     <span class='ocr_line' id='line_1_2' title="bbox 434 478 608 544; baseline 0.011 -2"><span class='ocrx_word' id='word_1_6' title='bbox 434 522 436 527; x_wconf 91' lang='grc'>-</span> <span class='ocrx_word' id='word_1_7' title='bbox 553 478 608 544; x_wconf 72' lang='lat' dir='ltr'><strong>v.</strong></span> 
     </span>
     <span class='ocr_line' id='line_1_3' title="bbox 127 583 1056 668; baseline 0.001 -19"><span class='ocrx_word' id='word_1_8' title='bbox 127 583 179 649; x_wconf 90' lang='lat' dir='ltr'><strong>Do</strong></span> <span class='ocrx_word' id='word_1_9' title='bbox 202 584 263 649; x_wconf 87' lang='lat' dir='ltr'><strong>tibi</strong></span> <span class='ocrx_word' id='word_1_10' title='bbox 285 584 525 666; x_wconf 82' lang='lat' dir='ltr'><strong>naumachiam,</strong></span> <span class='ocrx_word' id='word_1_11' title='bbox 548 588 584 647; x_wconf 90' lang='lat' dir='ltr'><strong>tu</strong></span> <span class='ocrx_word' id='word_1_12' title='bbox 608 583 665 647; x_wconf 90' lang='lat' dir='ltr'><strong>das</strong></span> <span class='ocrx_word' id='word_1_13' title='bbox 689 583 925 668; x_wconf 83' lang='lat' dir='ltr'><strong>epigrammata</strong></span> <span class='ocrx_word' id='word_1_14' title='bbox 947 586 1056 650; x_wconf 91' lang='lat' dir='ltr'><strong>nobis:</strong></span> 
     </span>
     <span class='ocr_line' id='line_1_4' title="bbox 172 670 1060 757; baseline 0.001 -21"><span class='ocrx_word' id='word_1_15' title='bbox 172 672 246 757; x_wconf 89' lang='lat' dir='ltr'><strong>Vis,</strong></span> <span class='ocrx_word' id='word_1_16' title='bbox 268 675 362 757; x_wconf 88' lang='lat' dir='ltr'><strong>puto,</strong></span> <span class='ocrx_word' id='word_1_17' title='bbox 383 694 458 736; x_wconf 62' lang='lat' dir='ltr'><strong>,eum</strong></span> <span class='ocrx_word' id='word_1_18' title='bbox 481 673 578 756; x_wconf 92' lang='lat' dir='ltr'><strong>libro,</strong></span> <span class='ocrx_word' id='word_1_19' title='bbox 601 670 723 755; x_wconf 77' lang='lat' dir='ltr'><strong>Marde,</strong></span> <span class='ocrx_word' id='word_1_20' title='bbox 745 676 859 736; x_wconf 84' lang='lat' dir='ltr'><strong>natare</strong></span> <span class='ocrx_word' id='word_1_21' title='bbox 882 678 948 739; x_wconf 85' lang='lat' dir='ltr'><strong>tuo.</strong></span> <span class='ocrx_word' id='word_1_22' title='bbox 1057 708 1060 712; x_wconf 93' lang='lat'>·</span> 
     </span>
    </p>
   </div>
   <div class='ocr_carea' id='block_1_3' title="bbox 99 937 1015 1285">
    <p class='ocr_par' dir='ltr' id='par_1_3' title="bbox 99 937 1015 1285">
     <span class='ocr_line' id='line_1_5' title="bbox 128 937 965 1022; baseline -0.001 -20"><span class='ocrx_word' id='word_1_23' title='bbox 128 937 301 1002; x_wconf 86' lang='lat' dir='ltr'><strong>Aetherias</strong></span> <span class='ocrx_word' id='word_1_24' title='bbox 325 937 434 1020; x_wconf 88' lang='lat' dir='ltr'><strong>aquila</strong></span> <span class='ocrx_word' id='word_1_25' title='bbox 456 958 592 1020; x_wconf 90' lang='lat' dir='ltr'><strong>puerum</strong></span> <span class='ocrx_word' id='word_1_26' title='bbox 615 940 766 1019; x_wconf 87' lang='lat' dir='ltr'><strong>portante</strong></span> <span class='ocrx_word' id='word_1_27' title='bbox 789 959 847 1022; x_wconf 89' lang='lat' dir='ltr'><strong>per</strong></span> <span class='ocrx_word' id='word_1_28' title='bbox 870 959 965 1001; x_wconf 86' lang='lat' dir='ltr'><strong>auras</strong></span> 
     </span>
     <span class='ocr_line' id='line_1_6' title="bbox 171 1024 1015 1110; baseline 0.001 -21"><span class='ocrx_word' id='word_1_29' title='bbox 171 1025 336 1089; x_wconf 83' lang='lat' dir='ltr'><strong>Inlaesum</strong></span> <span class='ocrx_word' id='word_1_30' title='bbox 359 1024 481 1088; x_wconf 90' lang='lat' dir='ltr'><strong>timidis</strong></span> <span class='ocrx_word' id='word_1_31' title='bbox 505 1025 667 1110; x_wconf 81' lang='lat' dir='ltr'><strong>unguibus</strong></span> <span class='ocrx_word' id='word_1_32' title='bbox 691 1025 797 1089; x_wconf 88' lang='lat' dir='ltr'><strong>haesit</strong></span> <span class='ocrx_word' id='word_1_33' title='bbox 821 1047 914 1090; x_wconf 91' lang='lat' dir='ltr'><strong>onus:</strong></span> <span class='ocrx_word' id='word_1_34' title='bbox 1014 1051 1015 1056; x_wconf 48' lang='lat'>¹</span> 
     </span>
     <span class='ocr_line' id='line_1_7' title="bbox 99 1111 932 1198; baseline 0.005 -25"><span class='ocrx_word' id='word_1_35' title='bbox 99 1168 102 1173; x_wconf 89' lang='lat'><strong>.</strong></span> <span class='ocrx_word' id='word_1_36' title='bbox 128 1112 223 1179; x_wconf 86' lang='lat' dir='ltr'><strong>Nunc</strong></span> <span class='ocrx_word' id='word_1_37' title='bbox 247 1135 307 1178; x_wconf 87' lang='lat' dir='ltr'><strong>sua</strong></span> <span class='ocrx_word' id='word_1_38' title='bbox 329 1111 505 1178; x_wconf 81' lang='lat' dir='ltr'><strong>Caesareos</strong></span> <span class='ocrx_word' id='word_1_39' title='bbox 529 1116 643 1176; x_wconf 85' lang='lat' dir='ltr'><strong>exorat</strong></span> <span class='ocrx_word' id='word_1_40' title='bbox 666 1113 787 1197; x_wconf 87' lang='lat' dir='ltr'><strong>praeda</strong></span> <span class='ocrx_word' id='word_1_41' title='bbox 809 1114 932 1198; x_wconf 91' lang='lat' dir='ltr'><strong>leones,</strong></span> 
     </span>
     <span class='ocr_line' id='line_1_8' title="bbox 172 1201 848 1285; baseline 0.001 -21"><span class='ocrx_word' id='word_1_42' title='bbox 172 1201 275 1265; x_wconf 81' lang='lat' dir='ltr'><strong>Tutus</strong></span> <span class='ocrx_word' id='word_1_43' title='bbox 303 1205 336 1265; x_wconf 87' lang='lat' dir='ltr'><strong>et</strong></span> <span class='ocrx_word' id='word_1_44' title='bbox 358 1201 483 1285; x_wconf 78' lang='lat' dir='ltr'><strong>ingenti</strong></span> <span class='ocrx_word' id='word_1_45' title='bbox 506 1201 588 1264; x_wconf 87' lang='lat' dir='ltr'><strong>ludit</strong></span> <span class='ocrx_word' id='word_1_46' title='bbox 611 1201 645 1264; x_wconf 93' lang='lat' dir='ltr'><strong>in</strong></span> <span class='ocrx_word' id='word_1_47' title='bbox 669 1222 724 1265; x_wconf 92' lang='lat' dir='ltr'><strong>ore</strong></span> <span class='ocrx_word' id='word_1_48' title='bbox 747 1201 848 1284; x_wconf 88' lang='lat' dir='ltr'><strong>lepus.</strong></span> 
     </span>
    </p>
   </div>
   <div class='ocr_carea' id='block_1_4' title="bbox 101 1288 1024 1460">
    <p class='ocr_par' dir='ltr' id='par_1_4' title="bbox 101 1288 1024 1460">
     <span class='ocr_line' id='line_1_9' title="bbox 101 1288 1024 1374; baseline 0 -20"><span class='ocrx_word' id='word_1_49' title='bbox 101 1289 217 1365; x_wconf 81' lang='lat' dir='ltr'><strong>oQuae</strong></span> <span class='ocrx_word' id='word_1_50' title='bbox 240 1290 363 1353; x_wconf 88' lang='lat' dir='ltr'><strong>maiora</strong></span> <span class='ocrx_word' id='word_1_51' title='bbox 385 1293 482 1372; x_wconf 85' lang='lat' dir='ltr'><strong>putas</strong></span> <span class='ocrx_word' id='word_1_52' title='bbox 506 1288 685 1370; x_wconf 77' lang='lat' dir='ltr'><strong>miracula?</strong></span> <span class='ocrx_word' id='word_1_53' title='bbox 709 1310 855 1353; x_wconf 91' lang='lat' dir='ltr'><strong>summus</strong></span> <span class='ocrx_word' id='word_1_54' title='bbox 878 1289 1024 1374; x_wconf 85' lang='lat' dir='ltr'><strong>utrisque</strong></span> 
     </span>
     <span class='ocr_line' id='line_1_10' title="bbox 172 1374 1010 1460; baseline 0 -18"><span class='ocrx_word' id='word_1_55' title='bbox 172 1378 296 1443; x_wconf 77' lang='lat' dir='ltr'><strong>Auctor</strong></span> <span class='ocrx_word' id='word_1_56' title='bbox 319 1377 422 1441; x_wconf 89' lang='lat' dir='ltr'><strong>adest:</strong></span> <span class='ocrx_word' id='word_1_57' title='bbox 446 1377 525 1441; x_wconf 85' lang='lat' dir='ltr'><strong>haee</strong></span> <span class='ocrx_word' id='word_1_58' title='bbox 549 1382 624 1441; x_wconf 89' lang='lat' dir='ltr'><strong>sunt</strong></span> <span class='ocrx_word' id='word_1_59' title='bbox 648 1374 810 1460; x_wconf 83' lang='lat' dir='ltr'><strong>Caesaris,</strong></span> <span class='ocrx_word' id='word_1_60' title='bbox 832 1377 891 1441; x_wconf 83' lang='lat' dir='ltr'><strong>illa</strong></span> <span class='ocrx_word' id='word_1_61' title='bbox 913 1377 1010 1443; x_wconf 83' lang='lat' dir='ltr'><strong>Iovis.</strong></span> 
     </span>
    </p>
   </div>
   <div class='ocr_carea' id='block_1_5' title="bbox 130 1553 826 1727">
    <p class='ocr_par' dir='ltr' id='par_1_5' title="bbox 130 1553 826 1727">
     <span class='ocr_line' id='line_1_11' title="bbox 130 1553 826 1727; baseline 0.004 -3"><span class='ocrx_word' id='word_1_62' title='bbox 130 1659 252 1724; x_wconf 85' lang='lat' dir='ltr'><strong>Stellae</strong></span> <span class='ocrx_word' id='word_1_63' title='bbox 274 1659 490 1725; x_wconf 81' lang='lat' dir='ltr'><strong>DELIOIUM</strong></span> <span class='ocrx_word' id='word_1_64' title='bbox 513 1553 826 1727; x_wconf 70' lang='lat' dir='ltr'><strong>mledoLUMBA.</strong></span> 
     </span>
    </p>
   </div>
   <div class='ocr_carea' id='block_1_6' title="bbox 126 1747 670 1831">
    <p class='ocr_par' dir='ltr' id='par_1_6' title="bbox 126 1747 670 1831">
     <span class='ocr_line' id='line_1_12' title="bbox 126 1747 670 1831; baseline -0.004 -19"><span class='ocrx_word' id='word_1_65' title='bbox 126 1747 259 1813; x_wconf 85' lang='lat' dir='ltr'><strong>Verona</strong></span> <span class='ocrx_word' id='word_1_66' title='bbox 281 1749 357 1813; x_wconf 86' lang='lat' dir='ltr'><strong>lieet</strong></span> <span class='ocrx_word' id='word_1_67' title='bbox 380 1749 529 1812; x_wconf 76' lang='lat' dir='ltr'><strong>audiente</strong></span> <span class='ocrx_word' id='word_1_68' title='bbox 552 1749 670 1831; x_wconf 83' lang='lat' dir='ltr'><strong>dicam,</strong></span> 
     </span>
    </p>
   </div>
   <div class='ocr_carea' id='block_1_7' title="bbox 101 1834 790 2127">
    <p class='ocr_par' dir='ltr' id='par_1_7' title="bbox 101 1834 790 2127">
     <span class='ocr_line' id='line_1_13' title="bbox 126 1834 747 1920; baseline 0 -20"><span class='ocrx_word' id='word_1_69' title='bbox 126 1835 229 1920; x_wconf 78' lang='lat' dir='ltr'><strong>Vicit,</strong></span> <span class='ocrx_word' id='word_1_70' title='bbox 251 1835 405 1918; x_wconf 84' lang='lat' dir='ltr'><strong>Maxime,</strong></span> <span class='ocrx_word' id='word_1_71' title='bbox 427 1835 593 1900; x_wconf 87' lang='lat' dir='ltr'><strong>Passerem</strong></span> <span class='ocrx_word' id='word_1_72' title='bbox 617 1834 747 1901; x_wconf 87' lang='lat' dir='ltr'><strong>Oatulli.</strong></span> 
     </span>
     <span class='ocr_line' id='line_1_14' title="bbox 130 1921 707 1989; baseline 0 -2"><span class='ocrx_word' id='word_1_73' title='bbox 130 1925 234 1988; x_wconf 84' lang='lat' dir='ltr'><strong>Tanto</strong></span> <span class='ocrx_word' id='word_1_74' title='bbox 257 1921 360 1988; x_wconf 81' lang='lat' dir='ltr'><strong>Stella</strong></span> <span class='ocrx_word' id='word_1_75' title='bbox 382 1945 473 1988; x_wconf 90' lang='lat' dir='ltr'><strong>meus</strong></span> <span class='ocrx_word' id='word_1_76' title='bbox 496 1928 553 1989; x_wconf 88' lang='lat' dir='ltr'><strong>tuo</strong></span> <span class='ocrx_word' id='word_1_77' title='bbox 577 1923 707 1989; x_wconf 82' lang='lat' dir='ltr'><strong>Catullo</strong></span> 
     </span>
     <span class='ocr_line' id='line_1_15' title="bbox 101 2010 790 2127; baseline -0.003 -51"><span class='ocrx_word' id='word_1_78' title='bbox 101 2011 256 2087; x_wconf 80' lang='lat' dir='ltr'><strong>oQuanto</strong></span> <span class='ocrx_word' id='word_1_79' title='bbox 279 2034 409 2097; x_wconf 88' lang='lat' dir='ltr'><strong>passere</strong></span> <span class='ocrx_word' id='word_1_80' title='bbox 432 2012 543 2076; x_wconf 83' lang='lat' dir='ltr'><strong>maior</strong></span> <span class='ocrx_word' id='word_1_81' title='bbox 560 2017 610 2127; x_wconf 68' lang='lat' dir='ltr'><strong>est</strong></span> <span class='ocrx_word' id='word_1_82' title='bbox 632 2010 790 2075; x_wconf 84' lang='lat' dir='ltr'><strong>columba.</strong></span> 
     </span>
    </p>
   </div>
   <div class='ocr_carea' id='block_1_8' title="bbox 543 2187 632 2252">
    <p class='ocr_par' dir='ltr' id='par_1_8' title="bbox 543 2187 632 2252">
     <span class='ocr_line' id='line_1_16' title="bbox 543 2187 632 2252; baseline -0.022 0"><span class='ocrx_word' id='word_1_83' title='bbox 543 2187 632 2252; x_wconf 87' lang='lat' dir='ltr'><strong>VIII.</strong></span> 
     </span>
    </p>
   </div>
   <div class='ocr_carea' id='block_1_9' title="bbox 23 2291 1019 2820">
    <p class='ocr_par' dir='ltr' id='par_1_9' title="bbox 23 2291 1019 2820">
     <span class='ocr_line' id='line_1_17' title="bbox 88 2291 1000 2380; baseline -0.004 -21"><span class='ocrx_word' id='word_1_84' title='bbox 88 2299 93 2305; x_wconf 87' lang='grc'><strong>’</strong></span> <span class='ocrx_word' id='word_1_85' title='bbox 129 2294 222 2370; x_wconf 81' lang='lat' dir='ltr'><strong>Quod</strong></span> <span class='ocrx_word' id='word_1_86' title='bbox 245 2295 356 2380; x_wconf 84' lang='lat' dir='ltr'><strong>magni</strong></span> <span class='ocrx_word' id='word_1_87' title='bbox 379 2294 542 2359; x_wconf 82' lang='lat' dir='ltr'><strong>Thraseae</strong></span> <span class='ocrx_word' id='word_1_88' title='bbox 565 2292 843 2376; x_wconf 86' lang='lat' dir='ltr'><strong>consummatique</strong></span> <span class='ocrx_word' id='word_1_89' title='bbox 867 2291 1000 2358; x_wconf 77' lang='lat' dir='ltr'><strong>Catonis</strong></span> 
     </span>
     <span class='ocr_line' id='line_1_18' title="bbox 23 2381 988 2470; baseline -0.003 -22"><span class='ocrx_word' id='word_1_90' title='bbox 23 2464 25 2470; x_wconf 28' lang='grc' dir='ltr'>Ι</span> <span class='ocrx_word' id='word_1_91' title='bbox 172 2383 335 2469; x_wconf 80' lang='lat' dir='ltr'><strong>Dogmata</strong></span> <span class='ocrx_word' id='word_1_92' title='bbox 358 2384 404 2447; x_wconf 89' lang='lat' dir='ltr'><strong>sie</strong></span> <span class='ocrx_word' id='word_1_93' title='bbox 427 2382 584 2467; x_wconf 82' lang='lat' dir='ltr'><strong>sequeris,</strong></span> <span class='ocrx_word' id='word_1_94' title='bbox 607 2381 716 2446; x_wconf 88' lang='lat' dir='ltr'><strong>salvus</strong></span> <span class='ocrx_word' id='word_1_95' title='bbox 740 2383 777 2443; x_wconf 88' lang='lat' dir='ltr'><strong>ut</strong></span> <span class='ocrx_word' id='word_1_96' title='bbox 800 2401 870 2444; x_wconf 89' lang='lat' dir='ltr'><strong>esse</strong></span> <span class='ocrx_word' id='word_1_97' title='bbox 893 2381 988 2464; x_wconf 87' lang='lat' dir='ltr'><strong>velis,</strong></span> 
     </span>
     <span class='ocr_line' id='line_1_19' title="bbox 128 2468 951 2553; baseline -0.001 -19"><span class='ocrx_word' id='word_1_98' title='bbox 128 2470 261 2537; x_wconf 78' lang='lat' dir='ltr'><strong>Pectore</strong></span> <span class='ocrx_word' id='word_1_99' title='bbox 284 2493 343 2536; x_wconf 86' lang='lat' dir='ltr'><strong>nee</strong></span> <span class='ocrx_word' id='word_1_100' title='bbox 364 2471 450 2535; x_wconf 89' lang='lat' dir='ltr'><strong>nudo</strong></span> <span class='ocrx_word' id='word_1_101' title='bbox 475 2471 606 2536; x_wconf 83' lang='lat' dir='ltr'><strong>strictos</strong></span> <span class='ocrx_word' id='word_1_102' title='bbox 629 2469 766 2534; x_wconf 82' lang='lat' dir='ltr'><strong>incurris</strong></span> <span class='ocrx_word' id='word_1_103' title='bbox 789 2468 824 2532; x_wconf 89' lang='lat' dir='ltr'><strong>in</strong></span> <span class='ocrx_word' id='word_1_104' title='bbox 846 2488 951 2553; x_wconf 89' lang='lat' dir='ltr'><strong>enses,</strong></span> 
     </span>
     <span class='ocr_line' id='line_1_20' title="bbox 173 2556 883 2640; baseline -0.003 -17"><span class='ocrx_word' id='word_1_105' title='bbox 173 2559 266 2635; x_wconf 80' lang='lat' dir='ltr'><strong>Quod</strong></span> <span class='ocrx_word' id='word_1_106' title='bbox 287 2559 402 2624; x_wconf 84' lang='lat' dir='ltr'><strong>fecisse</strong></span> <span class='ocrx_word' id='word_1_107' title='bbox 424 2558 522 2623; x_wconf 87' lang='lat' dir='ltr'><strong>velim</strong></span> <span class='ocrx_word' id='word_1_108' title='bbox 546 2563 593 2640; x_wconf 88' lang='lat' dir='ltr'><strong>te,</strong></span> <span class='ocrx_word' id='word_1_109' title='bbox 616 2556 770 2638; x_wconf 83' lang='lat' dir='ltr'><strong>Deciano,</strong></span> <span class='ocrx_word' id='word_1_110' title='bbox 793 2556 883 2622; x_wconf 85' lang='lat' dir='ltr'><strong>facis.</strong></span> 
     </span>
     <span class='ocr_line' id='line_1_21' title="bbox 101 2644 1019 2730; baseline -0.002 -20"><span class='ocrx_word' id='word_1_111' title='bbox 101 2645 213 2712; x_wconf 83' lang='lat' dir='ltr'><strong>oNolo</strong></span> <span class='ocrx_word' id='word_1_112' title='bbox 232 2647 340 2713; x_wconf 76' lang='lat' dir='ltr'><strong>uirum</strong></span> <span class='ocrx_word' id='word_1_113' title='bbox 362 2647 453 2712; x_wconf 79' lang='lat' dir='ltr'><strong>facili</strong></span> <span class='ocrx_word' id='word_1_114' title='bbox 475 2647 604 2711; x_wconf 86' lang='lat' dir='ltr'><strong>redimit</strong></span> <span class='ocrx_word' id='word_1_115' title='bbox 627 2645 683 2730; x_wconf 89' lang='lat' dir='ltr'><strong>qui</strong></span> <span class='ocrx_word' id='word_1_116' title='bbox 705 2645 863 2730; x_wconf 84' lang='lat' dir='ltr'><strong>sanguine</strong></span> <span class='ocrx_word' id='word_1_117' title='bbox 885 2644 1019 2727; x_wconf 83' lang='lat' dir='ltr'><strong>famam,</strong></span> 
     </span>
     <span class='ocr_line' id='line_1_22' title="bbox 172 2734 966 2820; baseline -0.006 -19"><span class='ocrx_word' id='word_1_118' title='bbox 172 2734 268 2801; x_wconf 78' lang='lat' dir='ltr'><strong>Hono</strong></span> <span class='ocrx_word' id='word_1_119' title='bbox 289 2735 379 2818; x_wconf 85' lang='lat' dir='ltr'><strong>volo,</strong></span> <span class='ocrx_word' id='word_1_120' title='bbox 401 2735 527 2800; x_wconf 86' lang='lat' dir='ltr'><strong>laudari</strong></span> <span class='ocrx_word' id='word_1_121' title='bbox 550 2735 605 2820; x_wconf 93' lang='lat' dir='ltr'><strong>qui</strong></span> <span class='ocrx_word' id='word_1_122' title='bbox 628 2735 697 2798; x_wconf 87' lang='lat' dir='ltr'><strong>sine</strong></span> <span class='ocrx_word' id='word_1_123' title='bbox 720 2737 827 2798; x_wconf 86' lang='lat' dir='ltr'><strong>morte</strong></span> <span class='ocrx_word' id='word_1_124' title='bbox 848 2737 966 2817; x_wconf 87' lang='lat' dir='ltr'><strong>potest.</strong></span> 
     </span>
    </p>
   </div>
   <div class='ocr_carea' id='block_1_10' title="bbox 559 2911 615 2975">
    <p class='ocr_par' dir='ltr' id='par_1_10' title="bbox 559 2911 615 2975">
     <span class='ocr_line' id='line_1_23' title="bbox 559 2911 615 2975; baseline 0 0"><span class='ocrx_word' id='word_1_125' title='bbox 559 2911 615 2975; x_wconf 89' lang='lat' dir='ltr'><strong>IX.</strong></span> 
     </span>
    </p>
   </div>
   <div class='ocr_carea' id='block_1_11' title="bbox 128 3014 1088 3189">
    <p class='ocr_par' dir='ltr' id='par_1_11' title="bbox 128 3014 1088 3189">
     <span class='ocr_line' id='line_1_24' title="bbox 128 3014 1041 3102; baseline 0.002 -24"><span class='ocrx_word' id='word_1_126' title='bbox 128 3014 239 3081; x_wconf 88' lang='lat' dir='ltr'><strong>Bellus</strong></span> <span class='ocrx_word' id='word_1_127' title='bbox 261 3016 359 3081; x_wconf 91' lang='lat' dir='ltr'><strong>homo</strong></span> <span class='ocrx_word' id='word_1_128' title='bbox 383 3022 416 3081; x_wconf 89' lang='lat' dir='ltr'><strong>et</strong></span> <span class='ocrx_word' id='word_1_129' title='bbox 439 3038 576 3102; x_wconf 84' lang='lat' dir='ltr'><strong>magnus</strong></span> <span class='ocrx_word' id='word_1_130' title='bbox 599 3016 648 3081; x_wconf 87' lang='lat' dir='ltr'><strong>vis</strong></span> <span class='ocrx_word' id='word_1_131' title='bbox 672 3017 770 3101; x_wconf 91' lang='lat' dir='ltr'><strong>idem,</strong></span> <span class='ocrx_word' id='word_1_132' title='bbox 793 3015 903 3099; x_wconf 80' lang='lat' dir='ltr'><strong>Cotta,</strong></span> <span class='ocrx_word' id='word_1_133' title='bbox 926 3016 1041 3081; x_wconf 88' lang='lat' dir='ltr'><strong>videri:</strong></span> 
     </span>
     <span class='ocr_line' id='line_1_25' title="bbox 174 3102 1088 3189; baseline -0.001 -20"><span class='ocrx_word' id='word_1_134' title='bbox 174 3102 423 3188; x_wconf 64' lang='lat' dir='ltr'><strong>sesquinonus</strong></span> <span class='ocrx_word' id='word_1_135' title='bbox 438 3105 535 3170; x_wconf 90' lang='lat' dir='ltr'><strong>homo</strong></span> <span class='ocrx_word' id='word_1_136' title='bbox 552 3108 616 3189; x_wconf 86' lang='lat' dir='ltr'><strong>est,</strong></span> <span class='ocrx_word' id='word_1_137' title='bbox 630 3104 741 3189; x_wconf 80' lang='lat' dir='ltr'><strong>Cotta,</strong></span> <span class='ocrx_word' id='word_1_138' title='bbox 759 3105 898 3188; x_wconf 89' lang='lat' dir='ltr'><strong>pusillus</strong></span> <span class='ocrx_word' id='word_1_139' title='bbox 912 3105 1009 3169; x_wconf 89' lang='lat' dir='ltr'><strong>homo</strong></span> <span class='ocrx_word' id='word_1_140' title='bbox 1029 3109 1088 3169; x_wconf 85' lang='lat' dir='ltr'><strong>est.</strong></span> 
     </span>
    </p>
   </div>
   <div class='ocr_carea' id='block_1_12' title="bbox 569 3280 608 3344">
    <p class='ocr_par' dir='ltr' id='par_1_12' title="bbox 569 3280 608 3344">
     <span class='ocr_line' id='line_1_26' title="bbox 569 3280 608 3344; baseline 0 0"><span class='ocrx_word' id='word_1_141' title='bbox 569 3280 608 3344; x_wconf 88' lang='lat' dir='ltr'><strong>X.</strong></span> 
     </span>
    </p>
   </div>
   <div class='ocr_carea' id='block_1_13' title="bbox 128 3385 951 3650">
    <p class='ocr_par' dir='ltr' id='par_1_13' title="bbox 128 3385 951 3650">
     <span class='ocr_line' id='line_1_27' title="bbox 129 3385 951 3472; baseline 0.006 -21"><span class='ocrx_word' id='word_1_142' title='bbox 129 3387 218 3453; x_wconf 86' lang='lat' dir='ltr'><strong>Petit</strong></span> <span class='ocrx_word' id='word_1_143' title='bbox 241 3385 404 3452; x_wconf 85' lang='lat' dir='ltr'><strong>Gemellus</strong></span> <span class='ocrx_word' id='word_1_144' title='bbox 428 3387 558 3472; x_wconf 90' lang='lat' dir='ltr'><strong>nuptias</strong></span> <span class='ocrx_word' id='word_1_145' title='bbox 582 3387 776 3452; x_wconf 88' lang='lat' dir='ltr'><strong>Maronillae</strong></span> <span class='ocrx_word' id='word_1_146' title='bbox 948 3452 951 3456; x_wconf 79' lang='grc'><strong><em>,</em></strong></span> 
     </span>
     <span class='ocr_line' id='line_1_28' title="bbox 128 3473 879 3560; baseline -0.001 -20"><span class='ocrx_word' id='word_1_147' title='bbox 128 3473 175 3540; x_wconf 85' lang='lat' dir='ltr'><strong>Et</strong></span> <span class='ocrx_word' id='word_1_148' title='bbox 197 3477 285 3560; x_wconf 86' lang='lat' dir='ltr'><strong>eupit</strong></span> <span class='ocrx_word' id='word_1_149' title='bbox 307 3480 340 3540; x_wconf 88' lang='lat' dir='ltr'><strong>et</strong></span> <span class='ocrx_word' id='word_1_150' title='bbox 362 3476 465 3540; x_wconf 86' lang='lat' dir='ltr'><strong>instat</strong></span> <span class='ocrx_word' id='word_1_151' title='bbox 488 3480 529 3548; x_wconf 50' lang='lat' dir='ltr'><strong>et¹</strong></span> <span class='ocrx_word' id='word_1_152' title='bbox 542 3479 693 3560; x_wconf 85' lang='lat' dir='ltr'><strong>precatur</strong></span> <span class='ocrx_word' id='word_1_153' title='bbox 716 3482 749 3539; x_wconf 91' lang='lat' dir='ltr'><strong>et</strong></span> <span class='ocrx_word' id='word_1_154' title='bbox 772 3475 879 3540; x_wconf 86' lang='lat' dir='ltr'><strong>donat.</strong></span> 
     </span>
     <span class='ocr_line' id='line_1_29' title="bbox 130 3563 938 3650; baseline -0.002 -22"><span class='ocrx_word' id='word_1_155' title='bbox 130 3563 263 3629; x_wconf 85' lang='lat' dir='ltr'><strong>Adeone</strong></span> <span class='ocrx_word' id='word_1_156' title='bbox 285 3564 422 3650; x_wconf 83' lang='lat' dir='ltr'><strong>pulchra</strong></span> <span class='ocrx_word' id='word_1_157' title='bbox 445 3563 516 3628; x_wconf 80' lang='lat' dir='ltr'><strong>est?</strong></span> <span class='ocrx_word' id='word_1_158' title='bbox 539 3565 639 3628; x_wconf 88' lang='lat' dir='ltr'><strong>immo</strong></span> <span class='ocrx_word' id='word_1_159' title='bbox 661 3563 786 3628; x_wconf 82' lang='lat' dir='ltr'><strong>foedius</strong></span> <span class='ocrx_word' id='word_1_160' title='bbox 808 3564 856 3628; x_wconf 92' lang='lat' dir='ltr'><strong>nil</strong></span> <span class='ocrx_word' id='word_1_161' title='bbox 879 3566 938 3627; x_wconf 87' lang='lat' dir='ltr'><strong>est.</strong></span> 
     </span>
    </p>
   </div>
   <div class='ocr_carea' id='block_1_14' title="bbox 82 3650 981 3781">
    <p class='ocr_par' dir='ltr' id='par_1_14' title="bbox 82 3650 981 3781">
     <span class='ocr_line' id='line_1_30' title="bbox 82 3650 981 3781; baseline 0.03 -95"><span class='ocrx_word' id='word_1_162' title='bbox 82 3679 85 3685; x_wconf 94' lang='lat'><em>.</em></span> <span class='ocrx_word' id='word_1_163' title='bbox 129 3650 214 3761; x_wconf 50' lang='lat'><strong>09151</strong></span> <span class='ocrx_word' id='word_1_164' title='bbox 236 3673 313 3738; x_wconf 83' lang='lat' dir='ltr'><strong>ergo</strong></span> <span class='ocrx_word' id='word_1_165' title='bbox 333 3653 368 3781; x_wconf 46' lang='lat' dir='ltr'><strong>,a</strong></span> <span class='ocrx_word' id='word_1_166' title='bbox 390 3652 449 3718; x_wconf 88' lang='lat' dir='ltr'><strong>illa</strong></span> <span class='ocrx_word' id='word_1_167' title='bbox 469 3651 595 3753; x_wconf 74' lang='lat' dir='ltr'><strong>petitur</strong></span> <span class='ocrx_word' id='word_1_168' title='bbox 619 3655 654 3722; x_wconf 87' lang='lat' dir='ltr'><strong>et</strong></span> <span class='ocrx_word' id='word_1_169' title='bbox 674 3653 808 3744; x_wconf 71' lang='lat' dir='ltr'><strong>plaeet‘l</strong></span> <span class='ocrx_word' id='word_1_170' title='bbox 843 3651 981 3718; x_wconf 57' lang='lat' dir='ltr'><strong>&#39;lussit</strong></span> 
     </span>
    </p>
   </div>
   <div class='ocr_carea' id='block_1_15' title="bbox 97 3898 283 3964">
    <p class='ocr_par' dir='ltr' id='par_1_15' title="bbox 97 3898 283 3964">
     <span class='ocr_line' id='line_1_31' title="bbox 97 3898 283 3964; baseline 0 0"><span class='ocrx_word' id='word_1_171' title='bbox 97 3898 283 3964; x_wconf 74' lang='lat' dir='ltr'><strong>..-d</strong></span> 
     </span>
    </p>
   </div>
   <div class='ocr_carea' id='block_1_16' title="bbox 0 0 1208 4132">
    <p class='ocr_par' dir='ltr' id='par_1_16' title="bbox 0 0 1208 4132">
     <span class='ocr_line' id='line_1_32' title="bbox 0 0 1208 4132; baseline 0 0"><span class='ocrx_word' id='word_1_172' title='bbox 0 0 1208 4132; x_wconf 95' lang='lat' dir='ltr'><strong> </strong></span> 
     </span>
    </p>
   </div>
  </div>
 </body>
</html>
