2408 4132
366 349 665 407 nereanmmron
682 353 747 411 ma.
765 354 812 410 111.
1050 354 1093 420 69

535 512 649 579 XLIV.

135 620 281 686 Occurrit
303 620 365 684 tibi
387 642 483 685 nemo
507 620 593 704 quod
615 620 767 706 libenter,

135 708 242 793 Quod,
266 730 455 794 quacunque
480 709 582 792 venis,
604 709 683 794 fuga
706 714 756 774 est
779 713 811 774 et
832 710 947 796 ingens

133 797 226 862 Circa
248 799 297 881 te,
320 796 486 881 Ligurine,
509 797 664 881 solitudo,

133 884 216 961 Quid
240 885 296 966 sit,
321 887 403 950 scire
425 885 539 967 cupis?
574 883 681 949 Nimis
703 889 801 968 poeta
824 908 867 952 es.

105 971 203 1038 5H0c
225 972 319 1039 valde
342 973 457 1038 vitium
479 973 694 1057 periculosum
719 977 776 1038 est.

131 1058 208 1126 Non
230 1061 326 1144 tigris
349 1061 466 1125 catulis
489 1061 590 1125 citata
611 1062 729 1146 raptis,

131 1149 206 1214 Non
231 1150 340 1233 dipsas
363 1148 468 1214 medio
491 1152 623 1233 perusta
645 1149 727 1231 sole,

131 1235 201 1302 Nec
225 1238 273 1301 sic
294 1237 438 1320 scorpios
461 1237 628 1322 improbus
651 1237 793 1303 timetur.

130 1323 218 1391 Nam
240 1328 365 1409 tantos,
387 1345 482 1410 rogo,
505 1326 577 1409 quis
600 1325 684 1389 ferat
707 1327 856 1391 labores?

87 1431 120 1478 10
131 1414 177 1477 Et
199 1414 302 1477 stanti
324 1412 407 1498 legis
431 1417 464 1477 et
485 1414 568 1497 legis
592 1413 728 1497 sedenti,
973 1415 978 1424 ’

10 1513 12 1522 “
132 1500 282 1566 Currenti
304 1501 386 1585 legis
410 1505 443 1564 et
464 1501 548 1587 legis
571 1502 706 1568 cacanti.

131 1589 170 1654 In
193 1590 337 1654 thermas
359 1589 464 1674 fugio:
488 1610 584 1654 sonas
608 1590 649 1654 ad
672 1611 791 1655 aurem

130 1677 293 1742 Piscinam
315 1681 405 1762 peto:
427 1699 493 1743 non
515 1678 592 1743 licet
613 1681 735 1742 natare.

130 1766 182 1830 Ad
205 1787 319 1830 cenam
341 1788 493 1850 propero:
516 1769 607 1830 tenes
631 1769 768 1831 euntem.

87 1872 120 1919 15
130 1853 183 1918 Ad
206 1875 318 1918 cenam
339 1854 448 1920 venio:
471 1854 566 1939 fugas
589 1855 761 1919 sedentem.

130 1942 249 2007 Lassus
273 1942 409 2007 dormio:
434 1943 570 2006 suscitas
593 1944 759 2008 iacentem.

129 2028 203 2114 Vis,
227 2033 384 2114 quantum
407 2029 508 2094 facias
532 2030 625 2114 mali,
647 2030 777 2095 videre?

128 2117 189 2182 Vir
211 2119 329 2201 iustus,
351 2120 487 2203 probus,
510 2118 662 2182 innocens
684 2118 816 2182 timeris.

493 2292 495 2297 ·
537 2274 635 2342 XLV.

129 2382 264 2468 Fugerit
286 2405 328 2448 an
349 2382 499 2447 Phoebus
523 2403 652 2446 mensas
665 2404 849 2466 ,cenamque
872 2382 1032 2466 Thyestae

173 2471 307 2557 Ignoro:
328 2470 471 2556 fugimus
494 2492 568 2554 nos,
590 2469 759 2555 Ligurine,
779 2474 879 2536 tuam.

130 2560 194 2625 Ille
212 2559 341 2644 quidem
360 2559 452 2623 lauta
470 2563 521 2623 est
539 2558 738 2642 dapibusque
755 2559 915 2624 instructa
929 2559 1089 2642 superbis,

174 2646 237 2713 Sed
259 2647 342 2711 nihil
365 2648 496 2713 omnino
518 2650 553 2712 te
574 2649 732 2712 recitante
754 2649 870 2732 placet

103 2735 215 2802 oNolo
239 2736 320 2800 mihi
341 2757 445 2820 ponas
468 2735 623 2801 rhombos
646 2736 822 2800 mullumve
845 2735 1008 2818 bilibrem,

172 2823 241 2889 Nec
264 2824 337 2889 volo
361 2825 501 2907 boletos,
524 2828 632 2889 ostrea
653 2825 743 2889 nolo:
766 2829 846 2889 tace.

529 2965 644 3032 XLVI.

127 3071 243 3158 Exigis
267 3095 286 3138 a
307 3072 402 3138 nobis
427 3093 558 3156 operam
582 3072 650 3136 sine
673 3073 736 3136 fine
759 3076 921 3156 togatam:

172 3160 248 3226 Non
270 3183 322 3245 eo,
345 3161 497 3226 libertum
521 3160 577 3224 sed
599 3161 661 3225 tibi
684 3164 782 3225 mitto
805 3182 920 3224 meum.

127 3249 221 3334 „Non
244 3249 311 3314 est“
332 3249 440 3334 inquis
462 3247 594 3333 „idem.“
624 3247 730 3313 Multo
748 3249 822 3332 plus
842 3269 911 3312 esse
929 3248 1088 3332 probabo:

170 3337 234 3402 Vix
257 3358 318 3422 ego
341 3339 488 3403 lecticam
512 3337 702 3421 subsequar,
724 3337 781 3401 illo
803 3336 893 3401 feret.

97 3427 167 3491 oin
190 3426 320 3491 turbam
343 3425 508 3508 incideris,
531 3429 663 3490 cunctos
686 3425 826 3490 umbone
849 3424 999 3509 repellet:

169 3515 353 3580 Invalidum
377 3518 427 3579 est
448 3513 542 3579 nobis
566 3514 804 3598 ingenuumque
826 3513 922 3578 latus.

125 3603 292 3679 Quidlibet
313 3603 347 3668 in
370 3624 469 3668 censa
491 3601 685 3686 narraveris,
708 3601 779 3685 ipse
800 3601 934 3667 tacebo:

168 3692 217 3756 Aa
240 3692 299 3757 libi
323 3689 542 3780 tergeminum
565 3690 697 3781 mugiet
718 3691 781 3760 ille
804 3692 948 3780 sopbos.
