2408 4132
167 443 230 508 176
309 501 311 504 .
491 443 528 496 M.
547 442 627 497 VAL.
648 439 844 495 MARTIALIS

643 603 686 668 II.

207 709 379 775 Fastorum
403 712 531 796 genitor
552 732 733 794 parensque
755 709 853 774 Ianus

207 798 373 864 Victorem
396 799 492 864 modo
516 821 588 863 cum
611 798 734 863 videret
756 797 877 882 Histri,

209 886 271 951 Tot
293 888 402 952 vultus
428 887 491 952 sibi
513 909 579 951 non
602 887 681 950 satis
704 886 832 969 putavit

208 974 404 1060 Optavitque
429 975 539 1039 oculos
563 976 682 1038 habere
704 976 828 1057 plures:

182 1063 253 1128 snt
275 1064 388 1148 lingua
410 1064 533 1147 pariter
555 1064 681 1127 loeutus
706 1063 793 1126 omni

208 1151 380 1216 Terrarum
405 1151 535 1216 domino
559 1151 680 1235 deoque
702 1172 810 1214 rerum

208 1240 362 1305 Promisit
385 1239 512 1323 Pyliam
536 1243 651 1323 quater
674 1242 846 1303 senectam.

207 1328 331 1412 Addas,
354 1327 430 1391 Iane
453 1332 558 1412 pater,
581 1332 672 1392 tuam
694 1348 857 1412 rogamus.

634 1468 694 1533 III.

208 1574 376 1659 „Quinque
400 1575 479 1639 satis
501 1574 644 1639 fuerant:
667 1597 743 1639 nam
768 1596 824 1638 sex
847 1577 1011 1658 septemve
1035 1573 1146 1640 libelli

250 1663 314 1727 Est
336 1662 485 1726 nimium:
509 1664 585 1748 quid
609 1663 712 1727 adhuc
735 1662 858 1747 ludere,
881 1662 988 1745 Musa,
1010 1661 1129 1728 iuvat?

207 1749 257 1814 Sit
280 1751 383 1835 pudor
406 1754 438 1814 et
461 1751 548 1814 finis:
571 1752 636 1815 iam
659 1751 732 1834 plus
755 1750 838 1815 nihil
861 1751 976 1815 addere
998 1751 1096 1817 nohis

156 1862 172 1911 s
252 1838 352 1903 Fama
375 1842 497 1923 potest:
520 1840 637 1903 teritur
659 1843 770 1903 noster
792 1839 910 1923 ubique
932 1839 1027 1922 liber,
1103 1842 1105 1848 '

109 1902 159 2023 hs
182 1928 254 1991 5Et
277 1950 348 1991 curn
372 1930 469 2010 rupta
493 1927 558 1991 situ
580 1927 738 1991 Messalae
762 1948 840 1992 saxa
861 1927 1012 1992 iacebunt

121 2026 134 2082 ,ί
252 2015 393 2099 Altaque
417 2037 489 2079 curn
513 2014 615 2080 Licini
638 2037 801 2080 marmora
824 2017 929 2099 pulvis
953 2019 1061 2099 erunt,

206 2103 258 2168 Me
280 2108 390 2168 tamen
413 2126 470 2168 ora
492 2104 603 2189 legent
626 2109 659 2169 et
682 2126 789 2168 secum
812 2105 970 2188 plurimus
992 2103 1115 2188 hospes

252 2192 304 2256 Ad
326 2192 450 2277 patrias
474 2193 565 2257 sedes
589 2194 733 2257 carmina
754 2196 867 2257 nostra
888 2189 1000 2256 feret.“
1114 2269 1116 2274 Ι

206 2280 380 2364 Finieram,
404 2303 476 2345 curn
500 2282 546 2345 sic
568 2282 736 2366 respondit
757 2302 845 2345 nona
868 2301 1030 2364 sororum,

163 2385 195 2433 10
250 2368 310 2434 Oui
333 2392 425 2435 coma
448 2373 481 2434 et
504 2374 669 2454 unguento
694 2369 822 2434 sordida
844 2368 945 2434 vestis
969 2372 1051 2432 erat:

205 2457 313 2541 „Tune
336 2462 429 2542 potes
454 2457 576 2539 dulces,
599 2460 741 2543 ingrate,
764 2457 944 2540 relinquere
966 2456 1095 2541 nugas?

249 2545 310 2610 Dic
335 2546 428 2630 mihi,
452 2547 527 2630 quid
550 2546 664 2610 melius
689 2546 866 2610 desidiosus
890 2545 989 2630 ages?

205 2633 259 2696 An
281 2633 370 2699 iuvat
393 2634 434 2698 ad
456 2634 600 2719 tragicos
624 2656 753 2699 soccum
775 2633 952 2710 transferre
976 2633 1171 2723 cothurnos,

249 2721 375 2805 Aspera
398 2721 450 2786 vel
472 2723 606 2806 paribus
629 2723 717 2787 bella
739 2726 853 2787 tonare
876 2720 994 2806 modis,

163 2809 377 2893 15Praelegat
399 2814 436 2873 ut
458 2810 600 2874 tumidus
623 2832 721 2876 rauca
743 2815 775 2875 te
798 2832 877 2875 voce
900 2810 1058 2895 magister

249 2896 360 2961 Oderit
384 2900 416 2960 et
440 2898 571 2981 grandis
594 2897 688 2983 virgo
711 2900 878 2983 bonusque
901 2899 1003 2983 puer?

206 2983 357 3048 Scribant
378 2984 443 3047 ista
467 3006 581 3069 graves
603 2986 739 3050 nimium
761 2987 961 3071 nimiumque
984 2989 1104 3073 severi,

248 3070 335 3145 Quos
358 3071 464 3135 media
486 3073 621 3137 miseros
644 3077 740 3138 nocte
763 3074 893 3139 lucerna
916 3075 1012 3140 videt.

204 3160 251 3224 At
273 3163 310 3224 tu
331 3159 480 3225 Romano
504 3160 628 3245 lepidos
653 3163 720 3227 sale
743 3162 833 3247 tinge
856 3163 1000 3229 libellos:

160 3263 194 3312 20
248 3248 439 3334 Adgnoscat
460 3270 566 3313 mores
590 3251 657 3314 vita
673 3251 832 3335 ‘legatque
856 3273 939 3318 suos.
1128 3261 1130 3266 '

206 3335 357 3422 Angusta
379 3340 509 3401 cantare
533 3337 609 3402 licet
631 3339 769 3404 videaris
794 3362 909 3423 avena,

248 3424 335 3489 Dum
358 3429 415 3490 tua
437 3427 613 3491 multorum
636 3428 746 3492 vincat
769 3449 870 3492 avena
893 3426 1017 3494 tubas.“

633 3584 691 3651 IV.

204 3690 363 3776 Quantus,
386 3691 431 3776 io,
454 3691 566 3756 Latias
589 3692 702 3757 mundi
725 3696 898 3758 conventus
922 3693 963 3758 ad
986 3714 1059 3759 aras

240 3777 389 3867 Suscipit
413 3784 446 3847 et
469 3781 569 3849 solvit
591 3803 651 3869 pro
675 3781 754 3849 duce
775 3783 950 3880 rw!
