2408 4132
333 475 627 531 EPIGRAMMATON
645 476 710 532 LIB.
729 477 763 532 X.
986 475 1049 539 227

92 636 178 702 Voce
200 641 238 702 ut
260 638 412 722 loquatur
433 638 590 722 psittacus
614 641 787 704 coturnicis

89 726 135 790 Et
157 728 362 808 concupiscat
384 748 454 790 esse
478 725 585 790 Canus
609 728 776 792 ascaules?

91 813 206 878 Procul
232 836 250 877 a
273 814 394 879 libellis
417 816 512 898 nigra
535 816 579 878 sit
601 817 681 878 meis
704 815 805 898 fama,

48 902 178 978 10Quos
202 925 313 966 rumor
336 903 411 966 alba
434 924 598 987 gemmeus
622 903 711 968 vehit
734 905 847 988 pinna:

91 991 155 1054 Cur
177 1010 236 1074 ego
260 991 404 1055 laborem
427 995 524 1055 notus
548 1012 617 1055 esse
639 994 706 1056 tam
730 1014 842 1076 prave,

91 1078 248 1144 Constare
272 1080 374 1164 gratis
398 1099 470 1145 cum
494 1079 658 1143 silentium
681 1081 807 1164 possit?

520 1210 576 1279 IV.

90 1296 151 1374 Qui
174 1298 255 1382 legis
279 1298 465 1385 Oedipoden
487 1299 746 1383 caligantemque
769 1299 946 1382 Thyesten,

135 1385 306 1453 Colchidas
330 1392 363 1452 et
386 1387 524 1472 Scyllas,
549 1389 626 1471 quid
648 1389 712 1452 nisi
735 1392 881 1453 monstra
902 1386 1006 1472 legis?

91 1473 177 1550 Quid
186 1475 249 1539 tibi
266 1481 379 1560 raptus
393 1475 512 1559 Hylas,
527 1477 603 1560 quid
616 1475 880 1560 Parthenopaeus
901 1480 933 1540 et
946 1476 1050 1558 Attis,

134 1563 217 1638 Quid
239 1564 300 1629 tibi
323 1565 481 1631 dormitor
503 1565 647 1648 proderit
669 1565 877 1649 Endymion?

65 1651 256 1718 equtusve
279 1675 358 1736 puer
380 1654 489 1736 pinnis
512 1653 720 1718 labentibus?
744 1658 800 1717 aut
822 1653 878 1736 qui

134 1739 211 1804 Odit
234 1743 404 1806 amatrices
427 1740 720 1825 Hermaphroditus
744 1743 866 1825 aquas?
971 1738 974 1742 '

92 1827 231 1903 Quiete
253 1851 336 1894 vana
358 1830 472 1894 iuvant
494 1830 631 1894 miseras
654 1830 793 1894 ludibria
816 1829 969 1894 chartae?

133 1915 205 1981 Hoc
228 1917 312 2001 lege,
335 1918 420 2001 quod
443 1919 547 2002 possit
570 1915 674 1983 dicere
698 1919 765 1982 vita
789 1916 914 2000 „Meum
937 1917 1015 1982 est.“

89 2003 164 2068 Non
186 2005 239 2070 hic
263 2004 454 2088 Centauros,
477 2028 541 2071 non
565 2005 734 2091 Gorgonas
757 2005 983 2091 Harpyiasque

46 2109 79 2157 10
132 2092 295 2158 Invenies:
318 2096 482 2159 hominem
505 2096 627 2179 pagina
649 2101 760 2159 nostra
783 2096 877 2177 sapit.

91 2179 153 2244 Sed
176 2203 241 2245 non
263 2183 326 2266 vis,
348 2182 526 2265 Mamurra,
548 2186 623 2246 tuos
647 2203 839 2267 cognoscere
862 2202 968 2246 mores

133 2267 201 2334 Neo
224 2274 257 2335 te
281 2272 375 2336 scire:
398 2271 489 2355 legas
514 2271 610 2334 Aetia
633 2269 832 2335 Callimachi.

528 2401 569 2467 V.

91 2489 243 2574 Quisquis
267 2490 410 2555 stolaeve
434 2511 635 2575 purpuraeve
659 2493 877 2574 contemptor,

89 2578 176 2654 Quos
200 2579 305 2644 colere
329 2578 436 2661 debet,
459 2579 556 2642 laesit
579 2577 678 2661 impio
702 2599 811 2662 versu,

89 2667 186 2731 Erret
208 2688 266 2751 per
288 2669 401 2730 urbem
424 2666 533 2750 pontis
557 2665 630 2730 exul
653 2669 686 2730 et
709 2666 798 2749 clivi,

89 2755 241 2838 Interque
263 2776 377 2820 raucos
400 2755 535 2819 ultimus
558 2758 727 2839 rogatores

63 2843 168 2907 eOret
191 2844 321 2908 caninas
343 2843 437 2926 panis
460 2843 601 2927 improbi
624 2842 754 2926 buccas3

88 2931 144 2995 Illi
166 2931 344 2996 December
367 2931 484 3017 longus
509 2936 541 2995 et
563 2932 695 2995 madens
718 2932 833 2995 bruma

89 3019 268 3104 Clususque
291 3019 399 3085 fornix
422 3021 516 3084 triste
539 3019 580 3084 fri
607 3041 643 3083 us
667 3021 833 3084 extendat:
910 3064 915 3077 t

88 3107 192 3172 Vocet
215 3111 326 3173 beatos
350 3109 558 3193 clamitetque
581 3040 705 3191 Helices,

88 3196 262 3260 Orciniana
285 3197 340 3280 qui
362 3197 508 3262 feruntur
531 3198 565 3261 in
588 3197 719 3280 sponda.

46 3287 135 3350 ruht
159 3307 230 3349 cum
254 3307 423 3368 supremae
446 3285 503 3349 fila
526 3285 672 3350 venerint
694 3286 794 3349 horae

89 3374 229 3456 Diesque
253 3374 379 3457 tardus,
403 3375 521 3438 sentiat
545 3395 659 3438 canum
683 3372 775 3436 litem

89 3463 274 3546 Abigatque
297 3464 386 3526 moto
409 3463 522 3526 noxias
546 3483 620 3526 aves
643 3482 759 3545 panno.
897 3541 900 3548 Ι

88 3550 157 3614 Nec
179 3550 334 3614 finiantur
357 3553 460 3614 morte
485 3550 638 3633 supplicis
662 3570 796 3632 poenae,

89 3638 152 3702 Sed
175 3639 270 3703 modo
295 3638 397 3703 severi
421 3641 526 3702 sectus
550 3636 649 3702 Aeaci
672 3637 764 3718 loris,

45 3744 77 3793 15
88 3727 184 3792 Nunc
207 3726 344 3810 inquieti
367 3730 476 3791 monte
500 3724 629 3810 Sisyphi
651 3745 795 3809 pressus,

88 3816 184 3882 Nunc
206 3815 291 3880 inter
313 3816 416 3880 undas
440 3815 567 3902 garruli
590 3816 679 3882 senis
703 3815 813 3881 siccus

869 3907 926 3967 is*
