2408 4132
10 31 1085 235 ·,·.,μ---“““·
1114 31 1161 36 -

349 476 641 532 EPIGRAMMATON
661 478 727 533 LIB.
746 478 780 533 X.
1006 481 1067 546 231

111 636 352 722 Sollemnesque
374 639 462 703 iocos
485 660 545 703 neo
566 638 675 703 tristia
697 640 841 704 carmina
863 641 982 726 poscit,

153 726 198 790 Et
220 727 365 809 queritur
387 747 491 812 nugas
515 727 689 792 obticuisse
712 749 811 792 meas.

84 813 295 878 tMensorum
318 815 426 900 longis
450 815 505 879 sed
529 837 614 880 nunc
636 821 731 880 vacat
751 816 808 880 ille
831 815 961 881 libellis.

153 902 274 987 Appia,
298 903 374 988 quid
396 903 508 986 facies,
531 904 559 969 si
583 904 665 990 legit
686 904 751 968 ista
773 903 903 969 Macer?

505 1061 626 1128 XVIII.

109 1165 178 1231 Neo
199 1169 295 1231 vocat
317 1166 359 1231 ad
381 1187 490 1233 cenam
514 1166 649 1250 Marius,
671 1188 730 1232 nec
753 1189 888 1232 munera
910 1169 1025 1253 mittit,

152 1253 222 1319 Neo
244 1254 393 1338 spondet,
415 1277 473 1320 nec
496 1256 568 1320 rult
589 1256 729 1339 credere,
752 1256 809 1320 sed
830 1277 889 1321 nec
910 1256 1018 1322 habet.

109 1342 219 1407 Turba
232 1346 341 1407 tamen
354 1365 421 1408 non
434 1343 537 1427 deest,
556 1345 700 1409 sterilem
715 1366 796 1429 quae
815 1348 906 1409 curet
923 1346 1069 1411 amicum.

153 1431 259 1496 Eheu!
284 1453 381 1515 quam
403 1432 513 1497 fatuae
537 1437 612 1496 sunt
635 1433 708 1517 tibi,
731 1432 849 1518 Roma,
872 1435 982 1519 togael

525 1588 611 1656 XIX.

108 1693 177 1760 Neo
200 1692 330 1759 doctum
354 1695 434 1761 satis
458 1700 491 1761 et
513 1719 628 1782 pamm
652 1718 813 1782 severum,

108 1782 170 1847 Sed
191 1804 258 1848 non
280 1783 471 1849 rusticulum
493 1785 590 1849 nimis
614 1784 764 1850 libellum

107 1870 257 1936 Facundo
280 1893 352 1936 mea
373 1870 481 1938 Plinio
504 1871 620 1938 Thalia

106 1958 124 2023 I
146 1958 266 2044 perfer:
289 1960 396 2025 brevis
420 1965 470 2026 est
492 1961 586 2026 labor
608 1965 756 2047 peractae

82 2047 222 2112 5Altum
244 2048 372 2112 vincere
395 2049 561 2113 tramitem
584 2049 738 2114 Suburae.

108 2135 180 2201 Illic
204 2134 333 2220 Orphea
355 2137 504 2220 protinus
526 2137 650 2202 videbis

107 2223 172 2288 Udi
194 2225 315 2288 vertice
337 2224 497 2290 lubricum
520 2225 641 2289 theatri

107 2310 328 2396 Mirantesque
351 2312 437 2377 feras
461 2335 615 2397 avemque
638 2313 737 2397 regis,

106 2399 248 2485 Raptum
272 2421 354 2485 quae
376 2400 510 2487 Phryga
531 2401 665 2487 pertulit
688 2401 842 2483 Tonanti3

67 2505 99 2553 10
108 2487 181 2553 Illic
203 2511 305 2573 parva
326 2489 375 2552 tui
398 2490 511 2554 domus
534 2488 671 2555 Pedonis

108 2575 242 2641 Caelata
265 2581 315 2642 est
337 2576 465 2662 aquilae
487 2577 611 2643 minore
633 2577 741 2660 pinna.

108 2664 170 2729 Sed
192 2687 232 2729 ne
255 2669 400 2749 ternpore
424 2688 488 2731 non
511 2669 567 2730 tuo
591 2665 745 2730 disertam

107 2752 221 2818 Pulses
245 2753 335 2819 ebria
356 2754 499 2834 ianuam,
522 2752 644 2820 videto:
729 2839 731 2842 Α

107 2842 206 2907 Totos
230 2841 285 2906 dat
307 2843 441 2908 tetricae
465 2840 731 2931 diesldinervae‚

65 2929 192 2994 15Du1n
217 2934 345 2995 centum
368 2931 476 2996 studet
499 2931 629 2997 auribus
652 2930 795 2996 virorum

108 3019 178 3084 Hoc
202 3018 286 3102 quod
310 3019 438 3084 saecula
459 3017 645 3105 posterique
667 3018 794 3104 possint

107 3106 239 3191 Arpinis
263 3129 389 3192 quoque
412 3129 599 3192 comparare
623 3107 753 3172 chartis.

109 3193 204 3259 Seras
227 3195 328 3260 tutior
351 3195 414 3260 ibis
438 3196 478 3261 ad
500 3197 660 3261 lucernas:

106 3281 196 3346 Haec
218 3282 298 3347 hora
321 3289 371 3348 est
393 3286 464 3368 tna,
487 3279 559 3349 curn
582 3283 660 3347 furit
683 3280 823 3366 Lyaeus,

63 3385 97 3433 20
109 3368 189 3434 Cum
212 3375 328 3456 regnat
350 3393 438 3454 rosa,
461 3394 534 3437 cum
557 3372 687 3436 madent
709 3369 833 3454 capilli:

107 3457 196 3524 Tunc
219 3482 270 3524 mo
293 3460 343 3524 vel
366 3459 464 3545 rigidi
486 3461 600 3546 legant
622 3458 771 3525 Catones.

529 3617 600 3683 XX.

105 3722 205 3790 Ducit
227 3724 268 3789 ad
292 3723 448 3790 auriferas
470 3724 557 3808 quod
579 3746 631 3790 me
655 3705 742 3788 Salo·
755 3720 899 3789 Celtiber
922 3745 1013 3802 oras,

149 3796 300 3879 Pendulrl
317 3813 403 3899 qnod
423 3812 552 3899 patriae
572 3813 682 3880 risere
701 3815 797 3879 tecta
809 3811 923 3892 11111,
