2408 4132
43 31 1112 238 .;ψ-----·“--
1151 31 1180 34 -

377 490 671 548 EPIGRAMMATON
690 493 757 548 LIB.
776 495 823 551 XI.
1036 495 1098 559 281

138 653 254 718 Fascia
277 656 310 718 te
332 655 525 739 tunicaeque
549 655 748 739 obscuraque
771 656 872 740 pallia
895 656 1014 721 celant:

184 743 229 806 At
252 742 333 806 mihi
354 743 446 807 nulla
469 745 549 807 satis
573 745 660 808 nuda
683 745 793 828 puella
816 745 906 808 iacet.

140 829 238 894 Basia
261 852 312 894 me
337 831 468 915 capiunt
491 832 628 896 blandas
652 834 782 897 imitata
805 833 983 897 columbas·

96 936 128 984 10
184 919 232 982 Tu
255 919 336 982 mihi
358 918 430 1004 das,
454 919 544 984 aviae
568 920 678 1004 qualia
701 943 795 985 mane
820 922 914 986 soles.

138 1006 207 1071 Neo
230 1011 322 1071 motu
346 1007 489 1092 dignaris
514 1030 594 1093 opus
617 1031 676 1074 nee
699 1031 777 1074 voce
800 1011 911 1075 iuvare

183 1094 252 1159 Nec
276 1096 401 1180 digitis,
424 1101 578 1179 tanquam
601 1101 675 1161 tura
697 1119 885 1183 merumque
908 1119 1016 1182 pares:

138 1183 428 1248 Masturbabantur
449 1183 590 1270 Phrygii
611 1189 687 1269 post
710 1188 794 1250 ostia
817 1186 915 1269 servi,

182 1271 343 1338 Hectoreo
369 1272 518 1356 quotiens
542 1273 669 1338 sederat
692 1296 772 1338 uxor
796 1296 891 1360 equo,

94 1375 127 1424 15
139 1361 185 1425 Et
208 1361 355 1443 quamvis
378 1359 491 1426 Ithaco
516 1365 672 1426 stertente
695 1362 812 1447 pudica
835 1362 962 1428 solebat

182 1448 256 1513 Illic
278 1448 439 1533 Penelope
463 1471 589 1533 semper
611 1450 730 1514 habere
753 1472 892 1516 manum.

138 1536 311 1602 Paedicare
334 1559 449 1623 negas:
473 1538 572 1602 dabat
594 1538 656 1603 hoo
680 1537 829 1604 Cornelia
853 1537 998 1604 Graccho
1004 1589 1013 1622 ,

182 1625 268 1690 Iulia
289 1625 459 1710 Pompeio,
481 1625 609 1709 Porcia,
632 1625 747 1711 Brute,
769 1628 846 1712 tibi,

137 1714 256 1778 Dulcia
278 1713 442 1780 Dardanio
465 1715 610 1780 nondum
633 1715 787 1780 miscente
811 1716 960 1781 ministro

93 1820 127 1867 20
182 1802 303 1868 Pocula
325 1802 406 1868 Iuno
429 1802 493 1867 fuit
517 1826 577 1888 pro
601 1801 789 1888 Ganymede
812 1805 891 1870 Iovi.

139 1890 174 1956 Si
196 1895 228 1954 te
253 1891 392 1955 delectat
415 1891 574 1977 gravitas,
596 1891 748 1957 Lucretia
771 1897 842 1958 toto

183 1977 234 2043 Sis
258 1979 334 2044 licet
357 2001 459 2074 usque
482 1980 547 2045 die:
570 1980 672 2045 Laida
695 1984 789 2046 nocte
813 1982 897 2047 vole.

568 2111 633 2177 CV.

138 2199 294 2264 Mittebas
317 2199 451 2285 libram,
475 2200 701 2286 quadrantem,
724 2199 869 2284 Garrire,
892 2200 1005 2265 mittis

184 2286 307 2353 Saltem
331 2289 512 2371 semissem,
537 2287 682 2372 Garrice,
706 2289 796 2353 solve
819 2288 908 2352 mihi.

558 2417 640 2484 CVI.

138 2507 216 2572 Vibi
237 2507 391 2592 Maxime,
415 2508 443 2571 si
465 2528 561 2572 vacas
583 2507 715 2589 havere,

138 2596 211 2661 Hoc
233 2599 363 2660 tantum
386 2596 471 2680 lege:
494 2617 634 2680 namque
657 2600 690 2659 et
713 2599 888 2680 occupatus

138 2684 184 2748 Et
206 2707 273 2751 non
295 2707 329 2750 es
352 2683 488 2748 nimium
511 2683 704 2749 laboriosus.

138 2773 271 2836 Transis
293 2773 354 2838 hos
379 2793 505 2856 quoque
529 2773 706 2856 quattuor?
730 2773 853 2857 sapisti.

550 2905 650 2972 CVII.

139 2994 339 3076 Explicitum
361 2994 456 3059 nobis
480 3016 581 3079 nsque
605 2995 645 3059 ad
670 3015 728 3057 sua
751 3014 872 3058 cornua
894 2993 1014 3057 librum

183 3082 228 3147 m
250 3083 343 3167 quasi
364 3083 557 3168 perlectum,
580 3081 776 3167 Septiciana,
799 3081 909 3146 refers

140 3170 257 3235 Omnia
279 3171 398 3256 legisti.
435 3169 551 3255 Credo,
574 3172 655 3256 scio,
677 3169 815 3256 gaudeo,
839 3191 950 3234 verum
973 3176 1031 3234 est.

183 3258 311 3346 Perlegi
334 3261 436 3324 libros
460 3260 506 3326 sic
530 3281 590 3345 ego
610 3260 749 3344 quinque
773 3264 855 3322 tuos.

539 3391 655 3460 OVIH.

140 3478 294 3555 Quamvis
317 3485 387 3545 tam
409 3481 508 3565 longo
531 3481 638 3566 possis
662 3483 753 3543 satur
776 3499 846 3544 esse
870 3478 996 3563 libello,

183 3567 313 3653 Lector,
337 3568 441 3635 adhuc
464 3591 483 3633 a
506 3590 557 3632 me
582 3567 721 3633 disticha
744 3589 847 3651 pauca
869 3568 962 3651 petis.

140 3655 203 3722 Sed
225 3656 335 3741 Lupus
358 3678 491 3722 usuram
513 3658 667 3742 puerique
691 3656 792 3720 diaria
815 3659 961 3738 poscunt.

183 3744 313 3832 Lector,
336 3747 434 3811 solve.
470 3744 572 3810 Taces
596 3744 867 3829 dissimulasque?
903 3743 998 3807 Vale.
