2408 4132
51 35 891 251 Εἴρ,
917 35 952 40 ”

371 499 666 555 EPIGRAMMATON
684 500 752 555 LlB.
770 501 804 559 X.
1032 501 1097 567 233

136 661 249 738 Annos
272 661 379 726 addite
402 662 452 726 bis
476 683 589 746 precor
611 683 767 745 novenos,

136 749 183 814 Ut
204 749 347 814 nondum
369 749 471 814 nimia
493 751 587 835 piger
610 754 751 833 senecta,

137 837 200 903 Sed
222 839 310 902 vitae
332 838 437 902 tribus
461 839 544 902 areis
567 840 707 922 peractis

94 943 126 991 10
136 926 241 991 Lucos
263 925 396 1009 Elysiae
418 930 529 1009 petam
551 926 688 1010 puellae.

136 1014 216 1079 Post
237 1013 324 1078 hunc
346 1012 489 1080 Nestora
510 1036 570 1078 neo
593 1015 678 1079 diem
701 1014 825 1102 rogabo

545 1145 638 1211 XXV

136 1235 176 1300 ln
198 1234 359 1299 matutina
382 1255 484 1318 nuper
506 1197 671 1320 spectatus
693 1235 814 1300 harena

149 1371 152 1378 .
181 1323 319 1406 Mucius,
342 1323 497 1405 imposuit
520 1323 575 1406 qui
598 1345 657 1388 sua
679 1324 824 1388 membra
845 1322 940 1407 facie,

140 1410 175 1476 si
197 1411 325 1496 patiens
349 1411 510 1495 durusque
532 1411 595 1476 tibi
616 1411 774 1496 fortisque
798 1412 936 1496 videtur,

182 1500 400 1564 Abderitanae
423 1501 556 1584 pectora
578 1499 683 1582 plebis
706 1499 816 1565 habes.

111 1587 224 1653 5Nam
247 1610 319 1653 cum
343 1587 468 1652 dicatur
490 1587 600 1652 tunica
621 1591 790 1671 praesente
813 1589 952 1653 molesta

180 1674 265 1760 „Ure
288 1674 453 1760 manum‚“
473 1676 548 1760 plus
572 1679 621 1740 est
644 1676 748 1741 dicere
770 1675 864 1761 „Non
886 1675 996 1743 facio.“

537 1807 658 1873 XXVI.

137 1896 238 1981 Varo,
260 1895 469 1961 Paraetonias
492 1895 589 1961 Latia
611 1896 706 1962 modo
730 1897 797 1962 vite
819 1919 876 1981 per
898 1897 993 1962 urbes

181 1984 311 2049 Nobilis
335 1988 368 2049 et
391 1989 519 2049 centum
543 1985 606 2049 dux
629 1986 834 2050 memorande
856 1986 948 2070 viris,

137 2073 184 2137 Ae
205 2095 290 2137 nunc
313 2072 457 2137 Ausonio
480 2073 602 2137 frustra
623 2072 781 2156 promisse
805 2073 952 2157 Quirine,

182 2160 323 2245 Hospita
351 2160 450 2245 Lagei
479 2160 586 2225 litoris
620 2162 737 2225 umbra
759 2161 852 2226 iaces.

114 2247 297 2336 sSpargere
319 2270 385 2312 non
407 2247 500 2313 licuit
522 2248 676 2332 frigentia
698 2248 827 2312 fletibus
851 2270 921 2330 ora,

182 2336 321 2422 Pinguia
342 2357 401 2400 nec
423 2336 556 2400 maestis
580 2336 695 2400 addere
718 2339 792 2400 tura
814 2337 911 2420 rogis.

139 2424 202 2491 Sed
225 2425 320 2489 datur
343 2430 474 2489 aeterno
496 2424 657 2489 victurum
681 2425 819 2489 carmine
841 2445 972 2488 nomen:

182 2512 348 2598 Numquid
372 2515 404 2577 et
426 2512 501 2597 hoc,
523 2512 625 2577 fallax
647 2511 735 2597 Nile,
757 2532 877 2596 negare
899 2512 1014 2597 potes?

529 2642 663 2709 XXVII.

138 2732 265 2816 Natali,
287 2732 443 2816 Diodoro,
465 2735 523 2796 tuo
547 2733 682 2797 conviva
705 2734 835 2796 senatus

182 2820 342 2905 Accubat‚
366 2824 399 2885 et
421 2842 512 2885 rarus
534 2842 601 2886 non
624 2820 793 2885 adhibetur
816 2842 927 2905 eques,

137 2909 184 2974 Et
206 2912 262 2973 tua
284 2911 424 2974 tricenos
447 2909 587 2994 largitur
609 2910 756 2992 sportula
778 2930 937 2976 nummos.

185 2996 289 3062 Nemo
313 3000 422 3062 tamen
443 3000 558 3062 natum
580 3001 627 3081 te,
651 2995 804 3082 Diodore,
826 3001 928 3081 putat.

516 3128 670 3195 XXVIII.

138 3217 308 3282 Annorum
330 3216 488 3301 nitidique
511 3221 602 3282 sator
624 3217 838 3301 pulcherrime
861 3217 985 3300 mundi,

182 3305 318 3371 Publica
341 3327 436 3388 quem
458 3306 599 3389 primum
622 3310 699 3370 vota
720 3327 893 3390 precesque
915 3311 1045 3391 vocant,

137 3393 270 3459 Pervius
294 3394 425 3478 exiguos
447 3393 620 3458 habitabas
644 3398 718 3458 ante
741 3396 887 3477 penates,

181 3482 326 3546 Plurima
348 3504 411 3565 qua
434 3481 574 3546 medium
597 3481 703 3546 Roma
724 3483 850 3546 terebat
873 3483 947 3546 iter:

111 3570 232 3636 tNuno
255 3575 312 3635 tua
336 3569 501 3634 Caesareis
525 3569 697 3655 cinguntur
719 3569 832 3634 limina
854 3570 960 3653 donis,

180 3658 226 3723 Et
249 3659 321 3724 fora
342 3662 394 3723 tot
415 3680 580 3741 numeras,
602 3658 696 3740 Iane,'
712 3661 796 3749 quot
820 3679 877 3722 ora
899 3659 994 3743 geris.

138 3748 257 3832 Atta,
281 3751 391 3812 sancte
413 3749 519 3832 pater,
541 3749 635 3810 tanto
658 3742 720 3829 pro
740 3751 1031 3831 muneret-gratus,

104 3836 110 3855 ²
181 3835 299 3900 Ferrea
318 3838 476 3919 perpetua
499 3833 648 3903 claustra
669 3839 766 3902 tuere
788 3856 878 3901 sere..
