2408 4132
361 284 654 392 EPIGRAMMATOic
674 337 740 392 LIB.
761 338 794 391 V.
1014 339 1077 403 115

120 498 222 562 Differ
246 521 340 582 opus,
362 521 421 563 nec
444 503 477 562 te
499 498 628 564 facundi
652 522 767 564 scaena
790 497 912 564 Catulli

164 586 330 670 Detineat,
353 587 448 651 cultis
473 591 529 651 aut
553 587 656 672 elegia
680 588 794 671 comis3

95 673 182 739 asad
206 676 278 759 lege
300 675 426 739 fumoso
449 697 515 739 non
538 675 738 759 aspernanda
760 674 930 740 Decembri

165 762 328 847 Carmina,
352 763 526 827 mittuntur
550 786 631 847 quae
653 765 715 827 tibi
738 785 847 827 mense
871 786 941 828 suo:

121 850 329 916 Commodius
351 852 415 915 nisi
437 851 522 915 forte
544 853 604 915 tibi
626 853 798 935 potiusque
820 852 960 936 videtur,

165 939 396 1004 Saturnalicias
419 939 565 1023 perdere,
588 938 707 1023 Varro,
729 961 835 1005 nuces.

520 1114 636 1178 XXXI.

24 1187 47 1270 γ’·
120 1222 251 1306 Aspice,
275 1242 371 1304 quam
394 1220 532 1303 placidis
555 1220 690 1285 insultet
713 1222 809 1285 turba
831 1221 973 1286 iuvencis

163 1310 209 1373 Et
232 1331 291 1373 sua
314 1330 410 1392 quam
433 1309 538 1374 facilis
561 1309 703 1391 pondera
725 1313 837 1374 taurus
861 1314 956 1374 amet.

121 1395 279 1461 Cornibus
301 1396 355 1460 hic
377 1396 495 1480 pendet
519 1397 665 1475 summis,
688 1417 792 1482 vagus
815 1398 869 1461 ille
891 1420 950 1482 per
974 1420 1078 1462 armos

165 1485 274 1550 Currit
298 1488 330 1548 et
352 1485 387 1547 in
410 1489 480 1549 toto
504 1485 641 1549 ventilat
664 1507 754 1549 arma
777 1486 868 1550 bove.

94 1574 166 1638 5At
187 1573 300 1636 feritas
323 1573 459 1637 immota
482 1572 580 1658 rigett
602 1594 669 1636 non
692 1578 778 1637 esset
799 1574 921 1637 harena

164 1661 291 1741 Tutior,
314 1665 347 1724 et
368 1665 521 1745 poterant
543 1661 655 1725 fallere
677 1662 777 1744 plana
799 1661 912 1746 magis,

120 1748 189 1814 Nec
211 1750 375 1833 trepidant
399 1753 522 1833 gestus,
546 1750 601 1813 sed
624 1749 662 1812 de
686 1749 870 1814 discrimine
892 1750 1019 1835 palmae

165 1835 301 1902 Securus
324 1859 404 1920 puer
427 1841 490 1921 cst,
514 1837 751 1921 sollicitumque
773 1859 880 1921 pecus.

511 2011 643 2076 XXXII.

121 2117 338 2193 Quadrantem
362 2115 495 2200 Crispus
518 2118 652 2200 tabulis,
675 2116 843 2201 Faustina,
867 2120 1025 2202 supremis

163 2207 239 2272 Non
263 2206 349 2269 dedit
372 2205 472 2269 uxori.
508 2204 587 2289 „Oui
611 2205 698 2269 dedit
721 2205 839 2290 ergo?“
876 2205 953 2271 Sibi.

503 2380 652 2444 XXXIII.

121 2486 260 2569 Carpere
283 2486 461 2551 causidicus
483 2486 587 2551 fertur
609 2508 681 2551 mea
704 2488 859 2552 carmina:
883 2488 939 2572 qui
978 2489 1032 2569 sit,

165 2574 298 2640 Nescio:
322 2576 351 2640 si
374 2575 489 2660 sciero,
513 2597 570 2640 vae
594 2575 668 2658 tibi,
692 2575 860 2641 causidico.

1014 1917 1036 1950 l

504 2767 652 2834 XXXIV.

10 2874 27 2921 Γ
121 2873 214 2938 Hanc
231 2874 307 2959 tibi,
324 2873 445 2939 Fronto
463 2880 569 2958 pater,
589 2875 734 2959 genetrix
751 2874 918 2960 Flaccilla,
936 2877 1078 2960 puellam

167 2962 285 3027 Oscula
308 2963 494 3028 commendo
518 2963 712 3047 deliciasque
736 2986 837 3047 meas,

120 3050 261 3115 Parvula
283 3072 322 3114 ne
346 3050 456 3134 nigras
479 3052 645 3117 horrescat
667 3051 804 3116 Erotion
826 3052 957 3117 umbras

167 3138 293 3223 Oraque
316 3138 464 3202 Tartarei
486 3140 673 3226 prodigiosa
696 3140 794 3213 canis.

95 3228 287 3312 cInpletura
309 3226 373 3290 fuit
395 3232 503 3291 sextae
526 3229 620 3293 modo
643 3229 768 3313 frigora
791 3228 936 3311 brumae,
984 3285 1074 3321 ss

167 3315 310 3381 Vixisset
331 3314 467 3379 lotidem
489 3316 522 3380 ni
546 3317 651 3381 minus
674 3317 732 3380 illa
755 3315 832 3389 dies
943 3318 983 3342 ”²⁴

121 3404 211 3468 Inter
233 3408 301 3468 tarn
324 3407 448 3468 veteres
471 3404 562 3469 ludat
583 3405 704 3469 lasciva
726 3406 881 3486 patronos
958 3432 968 3442 ·
1044 3426 1058 3436 ·
1099 3402 1126 3447 s

166 3492 211 3556 Et
197 3496 351 3555 ntomen
373 3491 484 3556 blaeso
507 3493 630 3578 garriat
652 3513 706 3556 ore
729 3513 844 3556 meum

120 3579 235 3644 Mollia
257 3602 323 3644 non
344 3564 467 3678 rigidus
491 3602 619 3664 caespes
642 3583 734 3665 tegat
757 3600 848 3664 ossa,
867 3601 927 3644 neo
947 3568 1019 3654 illi

77 3686 111 3734 10
166 3668 277 3751 Terra,
301 3669 410 3751 gravis
433 3668 550 3737 fueris.
572 3692 645 3737 non
661 3669 731 3736 luit
749 3668 818 3733 'illa
836 3666 918 3730 nox
945 3762 965 3794 ὴ

924 3769 949 3817 s
