2408 4132
375 359 672 417 EPIGRAMMATON
689 362 757 416 LIB.
777 364 809 417 Π.
1055 359 1098 424 59

506 575 684 640 LXXXIX.

37 758 40 763 4
138 678 231 753 Quod
253 680 356 746 nimio
380 681 500 766 gaudes
523 685 653 746 noctem
675 681 849 764 producere
872 681 961 760 vino,

65 774 69 781 ’
180 766 332 851 Ignosco:
355 770 486 848 vitium,
510 768 630 853 Gaure,
653 768 785 835 Catonis
809 769 918 834 habes.
949 811 952 817 -

138 853 289 920 Carmina
312 858 397 940 quod
421 857 534 922 scribis
557 857 659 922 Musis
683 861 717 921 ct
738 856 891 940 Apolline
913 858 1018 939 nullo,

181 943 322 1008 Laudari
346 945 457 1009 debes:
481 946 542 1010 hoc
566 944 731 1011 Ciceronis
753 945 869 1010 habes:

108 1031 230 1108 sQuod
253 1032 370 1116 vomiS,
392 1033 529 1098 Antoni:
553 1035 639 1117 quod
661 1033 848 1116 luxuriaris,
870 1031 975 1116 Apici.

182 1119 275 1196 Quod
297 1119 406 1203 fellas,
429 1122 546 1186 vitium
568 1122 619 1186 dic
641 1122 722 1186 mihi
745 1121 833 1186 cuius
855 1120 980 1185 habea?

566 1313 632 1380 XO.

138 1419 350 1503 Quintiliane,
373 1439 476 1503 vagae
500 1420 684 1485 moderator
706 1441 830 1484 summe
852 1419 1015 1502 iuventae,

182 1507 294 1572 Gloria
315 1507 497 1593 Romanae,
521 1508 732 1592 Quintiliane,
754 1513 865 1593 togae,

138 1595 257 1660 Vivere
281 1596 365 1680 quod
388 1618 526 1680 propero
548 1618 672 1681 pauper
694 1618 754 1660 nec
775 1595 900 1661 inutilis
925 1595 1032 1677 annia,

182 1683 234 1748 Da
257 1685 396 1749 veniam:
419 1689 573 1768 properat
594 1685 701 1750 vivere
723 1706 818 1749 nemo
843 1685 930 1748 satia.

109 1772 277 1836 oDifferat
297 1772 372 1855 hoc,
394 1775 518 1856 patrios
542 1777 635 1858 optat
658 1773 713 1857 qui
734 1773 862 1837 vincere
886 1791 1000 1835 census

182 1859 339 1944 Atriaque
361 1861 532 1925 inmodicis
555 1865 642 1926 artat
663 1860 869 1946 imaginibus.

139 1948 192 2013 Me
214 1948 305 2012 focus
329 1952 362 2014 et
383 1948 494 2033 nigros
517 1971 584 2013 non
605 1949 808 2033 indignantia
829 1948 936 2011 fumos

183 2037 282 2101 Tecta
304 2036 416 2101 iuvant
440 2040 473 2100 et
495 2037 569 2102 fons
592 2038 685 2101 vivus
709 2039 742 2100 et
764 2036 866 2101 herba
888 2034 1000 2099 rudis

140 2122 191 2188 Sit
213 2124 293 2189 mihi
315 2147 413 2189 verna
436 2128 538 2208 satur,
561 2125 692 2189 sitnon
716 2124 903 2188 doctissima
925 2122 1079 2205 coniunx,

96 2229 128 2277 10
184 2209 233 2278 Sit
254 2234 320 2277 nox
343 2235 415 2278 cum
439 2234 565 2296 somno,
588 2213 632 2276 sit
656 2212 724 2277 sine
746 2212 805 2276 lite
828 2211 905 2276 dies.

1103 1916 1132 1958 a
1177 1886 1178 1891 ,

558 2405 642 2471 XCI.

138 2513 260 2578 Rerum
281 2516 370 2581 ,certa
393 2513 495 2596 salus,
517 2516 676 2579 terrarum
700 2512 817 2596 gloria,
841 2508 972 2593 Caesar,

184 2600 313 2684 Sospite
336 2623 399 2685 quo
422 2622 560 2686 magnos
583 2601 743 2666 credimus
766 2621 836 2665 esse
860 2599 949 2682 deos,

141 2688 176 2754 Si
197 2689 359 2754 festinatis
382 2689 501 2754 totiens
525 2689 587 2754 tibi
609 2690 693 2753 lecta
714 2687 834 2753 libellis

24 2849 26 2852 ,
183 2777 357 2842 Detinuere
381 2778 491 2843 oculos
515 2777 660 2842 carmina
682 2780 795 2841 nostra
817 2779 906 2859 tuos,

110 2865 232 2941 suuod
253 2865 384 2930 fortuna
408 2869 496 2930 vetat
517 2866 602 2950 fieri,
624 2866 775 2950 permitte
798 2864 914 2947 videri,

184 2953 344 3019 Natorum
368 2954 496 3039 genitor
517 2955 629 3019 credar
651 2957 688 3018 ut
710 2974 779 3017 esse
802 2953 911 3017 trium.

138 3043 242 3126 Haeo,
266 3042 295 3106 si
318 3042 478 3125 displicui,
500 3041 621 3107 fuerint
644 3042 766 3106 solacia
788 3040 897 3122 nobis;

182 3129 272 3195 Haec
294 3130 415 3195 fuerint
437 3131 532 3196 nobis
555 3131 714 3214 praemia,
738 3131 767 3193 si
789 3127 906 3212 placui.

550 3323 650 3390 XCII.

138 3431 298 3498 Natorum
322 3431 403 3496 mihi
425 3432 476 3496 ius
498 3432 597 3496 trium
619 3430 748 3515 roganti

138 3520 303 3586 Musarum
326 3520 466 3604 pretium
490 3520 577 3584 dedit
599 3540 743 3584 mearum

139 3607 234 3675 Solus
259 3609 314 3693 qui
336 3612 474 3693 poterat.
510 3606 660 3692 Valebis,
682 3628 772 3671 uxor.
883 3655 894 3673 .

134 3698 212 3763 Non
235 3699 332 3763 debet
354 3696 480 3765 domini
501 3698 611 3788 perire
634 3721 769 3768 munus.
