2408 4132
137 428 157 491 2
463 428 500 481 M.
519 426 599 483 VAL.
618 425 813 480 MARTIALIS

179 588 279 654 Venit
301 590 342 654 ab
366 589 495 674 Orpheo
519 591 625 655 cultor
646 589 854 672 Rhodopeius
878 588 1011 672 Haemo,

88 706 90 710 ¹
223 676 324 742 Venit
346 683 379 742 et
402 682 498 761 epoto
523 676 672 742 Sarmata
694 681 807 761 pastus
831 699 927 760 equo,

155 767 225 830 snt
248 767 302 850 qui
325 768 429 851 prima
452 767 537 830 bibit
558 766 705 849 deprensi
728 765 862 829 flumina
884 764 967 847 Nili,

223 854 268 918 Et
291 877 387 939 quem
410 876 578 937 supremae
601 853 746 937 Tethyos
768 853 855 918 unda
876 853 967 936 ferit3

53 1003 78 1017 ,,
180 942 363 1007 Festinavit
386 942 506 1025 Arabs,
528 942 722 1006 festinavere
746 941 874 1021 Sabaei,

222 1030 268 1095 Et
291 1030 407 1096 Cilices
429 1031 549 1094 nimbis
571 1030 624 1094 hic
647 1030 796 1094 maduere
820 1030 895 1093 suis.

180 1117 331 1183 Crinibus
354 1119 389 1182 in
411 1119 530 1182 nodum
553 1118 634 1183 torti
655 1139 770 1182 venere
793 1116 964 1200 Sicambri,

61 1257 62 1261 ,
138 1224 169 1270 10
225 1207 333 1289 Atque
357 1205 452 1271 aliter
475 1206 571 1271 tortis
594 1206 736 1270 crinibus
760 1205 947 1288 Aethiopes.

179 1293 252 1359 Vox
275 1295 401 1358 diversa
424 1298 519 1358 sonat
541 1294 744 1378 populorum,
767 1298 837 1357 tum
856 1298 966 1357 tamen
988 1315 1052 1356 una
1075 1298 1140 1379 est,

225 1380 307 1446 Cum
329 1404 424 1447 verus
446 1382 570 1466 patriae
595 1382 709 1447 diceris
733 1403 802 1446 esse
825 1385 927 1464 pater.

608 1521 664 1587 IV.

180 1628 290 1693 Turba
313 1629 420 1714 gravis
444 1629 517 1711 paci
539 1629 747 1712 placidaeque
769 1627 901 1694 inimica
924 1627 1037 1712 quieti,

224 1717 312 1793 Quae
335 1739 461 1801 semper
484 1717 619 1780 miseras
643 1717 841 1781 sollicitabat
864 1738 955 1801 opes,

180 1804 343 1870 Traducta
366 1809 415 1869 est
439 1805 549 1888 oculis,
571 1827 629 1869 neo
652 1805 738 1889 cepit
759 1805 880 1869 harena
902 1807 1068 1870 nocentes:

223 1894 268 1957 nt
291 1894 417 1957 delator
440 1893 648 1976 habet-quod
671 1892 780 1956 dabat
793 1893 932 1957 exilium.

153 1981 297 2045 tExulat
318 1981 463 2045 Ausonia
485 1981 644 2066 profugus
667 1981 793 2046 delator
815 1981 856 2045 ab
881 1982 981 2048 urbe:

223 2069 311 2135 Haeo
334 2069 410 2134 licet
432 2069 575 2152 inpensis
598 2068 754 2153 principis
778 2069 975 2134 adnumeres.

619 2210 659 2275 V.

179 2317 325 2384 Iunctam
349 2317 532 2402 Pasiphaen
554 2316 689 2381 Dictaeo
714 2317 833 2380 credite
856 2321 964 2380 tauro:

222 2405 385 2488 Vidimus,
409 2406 533 2490 accepit
555 2405 667 2469 fabula
689 2406 796 2488 prisca
817 2404 922 2469 fidem.

179 2493 247 2558 Nec
270 2517 303 2557 se
328 2495 475 2577 miretur,
498 2491 626 2576 Caesar,
649 2492 808 2578 longaeva
829 2496 989 2557 vetustas:

224 2581 386 2665 Quidquid
407 2581 496 2645 fama
519 2580 620 2663 canit,
642 2585 789 2664 praestat
805 2581 927 2646 harena
950 2581 1019 2646 tibi.

609 2719 666 2785 Vl.

179 2827 322 2912 Belliger
345 2826 474 2891 invictis
499 2826 585 2909 quod
607 2827 695 2891 Mars
719 2829 781 2892 tibi
805 2828 905 2893 servit
926 2828 962 2892 in
983 2828 1096 2910 armis,

223 2915 299 2980 Non
322 2915 402 2978 satis
426 2918 485 2997 est,
509 2912 640 2998 Caesar,
665 2917 764 2980 servit
788 2922 820 2980 et
842 2917 915 3000 ipsa
937 2915 1056 2981 Venus.

580 3055 628 3121 VI
687 3107 695 3122 .

180 3163 383 3227 Prostratum
406 3165 501 3226 vasta
523 3058 719 3228 Nemedsbin
740 3163 826 3228 valle
850 3164 975 3228 leonem

224 3251 342 3315 Nobile
366 3255 399 3314 et
421 3251 614 3315 Herculeum
637 3253 726 3316 fama
749 3253 885 3316 canebat
908 3274 997 3337 opus¹

180 3339 291 3403 Prisca
312 3338 391 3403 fides
414 3343 533 3403 taceat:
560 3362 636 3404 nam
660 3344 735 3424 post
758 3344 815 3404 tua
838 3362 984 3422 munera,
1007 3339 1142 3426 Caesar,

224 3428 313 3491 Haec
336 3427 401 3491 iam
423 3427 562 3492 feminea
586 3428 720 3493 dicimus
744 3432 817 3492 acta
840 3451 945 3493 manu.

601 3568 673 3632 VII.

118 3684 131 3725 i
182 3673 328 3749 Qualiter
350 3674 385 3737 in
408 3671 559 3757 Scythica
582 3675 738 3759 religatus
761 3696 840 3758 rupe
863 3674 1076 3741 Prometheus

216 3762 395 3826 Assiduum
419 3761 521 3828 nimio
543 3766 674 3848 pectore
697 3762 788 3847 pavit
811 3785 915 3845 avem,
