2408 4132
136 437 180 502 90
454 436 492 492 M.
513 436 595 491 vlu.
614 433 816 489 MARTIALIS

180 596 250 663 Vae
273 597 448 682 glabraria,
470 619 529 662 vae
552 597 614 661 tibi
637 596 778 661 misella:

180 685 309 750 Nudam
331 690 364 749 te
387 690 510 750 statuet
531 689 606 750 tuus
629 684 803 769 Lupercus.

579 815 696 881 XXIX.

181 912 312 996 Obstat,
334 935 408 977 carc
429 912 570 995 Pudens,
591 915 712 977 nostris
736 935 794 977 sua
816 913 914 976 turba
936 912 1057 977 libellis

223 1001 453 1084 Lectoremque
475 1001 626 1084 frequens
649 1002 751 1066 lassat
774 1004 807 1065 et
828 1001 944 1087 implet
966 1023 1056 1083 opus.

180 1089 267 1154 Rara
288 1090 415 1153 iuvant:
437 1090 551 1172 primis
575 1090 620 1152 sic
644 1090 747 1154 maior
770 1089 878 1174 gratia
900 1090 1020 1173 pomis,

223 1177 387 1241 Hibernae
410 1178 550 1260 pretium
573 1179 620 1241 sic
642 1199 786 1242 meruere
809 1197 916 1258 rosae;

155 1264 234 1330 oSic
257 1265 475 1348 spoliatricem
497 1265 700 1330 commendat
721 1265 826 1330 fastus
851 1265 1002 1348 amicam,

223 1353 326 1417 lanua
347 1374 406 1416 nec
428 1353 575 1417 iuvenem
598 1375 724 1438 semper
747 1356 861 1436 aperta
882 1356 981 1417 tenet

183 1440 317 1525 Saepius
340 1441 375 1508 in
397 1441 483 1505 libro
505 1446 695 1505 numeratur
716 1440 846 1506 Persius
868 1462 946 1525 uno,

226 1530 330 1605 Quam
352 1529 434 1593 levis
456 1530 492 1593 in
513 1532 584 1594 tota
607 1529 734 1594 Marsus
757 1528 964 1593 Amazonide.

181 1618 230 1682 Tu
248 1638 374 1701 quoque
397 1617 435 1681 de
457 1618 579 1682 nostris
598 1619 723 1702 releges
742 1637 963 1700 quemcunque
985 1616 1122 1701 libellis,

138 1721 172 1769 10
225 1705 308 1769 Ilsse
332 1709 412 1788 puta
435 1706 555 1770 solum:
578 1707 625 1770 sic
647 1706 709 1770 tibi
731 1706 835 1788 pluris
858 1705 929 1772 erit.

589 1845 690 1911 XXX.

180 1943 306 2008 Baiano
329 1945 442 2027 procul
465 1966 484 2008 a
506 1945 592 2026 lacu,
614 1964 796 2028 monemus,

179 2030 341 2115 Piscator,
362 2031 452 2116 fuge,
474 2053 514 2096 ne
536 2053 654 2096 nocens
677 2032 816 2096 recedas.

182 2118 289 2184 Sacris
311 2119 453 2203 piscibus
476 2120 538 2184 hae
560 2122 715 2184 natantur
736 2120 853 2198 undae,

182 2208 244 2283 Qui
265 2211 386 2272 norunt
409 2208 574 2272 dominum
596 2230 791 2292 manumque
814 2208 962 2272 lambunt

155 2296 290 2379 tIllam,
312 2318 376 2380 qua
396 2296 479 2360 nihil
503 2301 552 2360 est
574 2297 609 2360 in
631 2297 708 2361 orbe
730 2296 845 2361 maius..

181 2383 278 2468 Quid,
301 2385 387 2468 quod
408 2407 527 2449 nomen
548 2385 671 2448 habent
693 2387 725 2448 et
748 2385 789 2448 ad
811 2383 961 2469 magistri

180 2472 302 2537 Vocem
326 2474 460 2556 quisque
485 2473 536 2537 sui
558 2474 647 2536 veuit
670 2473 810 2537 citatus?

180 2559 252 2625 Hoc
275 2559 435 2643 quondam
458 2560 559 2642 Libys
582 2560 701 2645 impius
723 2559 898 2644 profundo,

180 2647 265 2712 Dum
289 2648 442 2731 praedam
465 2650 590 2714 calamo
614 2651 774 2712 tremente
798 2648 900 2732 ducit,

139 2751 171 2799 10
181 2735 297 2818 Raptis
320 2736 494 2800 luminibus
517 2741 650 2820 repente
672 2757 785 2801 caecus

181 2821 321 2905 Captum
343 2845 409 2887 non
430 2824 537 2907 potuit
559 2824 667 2888 videre
688 2825 823 2908 piscem,

180 2910 226 2974 Et
246 2931 332 2974 nunc
355 2912 530 2992 sacrilegos
553 2933 686 2995 perosus
708 2912 823 2976 hamos

49 3008 52 3016 '
181 2997 324 3063 Baianos
348 2999 438 3063 sedet
461 3000 502 3064 ad
524 3000 614 3064 lacus
637 3004 779 3084 rogator.

180 3087 227 3150 At
249 3091 300 3169 tu,
323 3087 398 3150 dum
421 3091 529 3171 potes,
550 3088 703 3153 innocens
725 3087 838 3154 recede

140 3190 172 3239 15
183 3175 282 3239 Iactis
306 3174 507 3258 simplicibus
531 3177 612 3241 cibis
634 3178 669 3242 ln
690 3179 806 3261 undaS,

181 3263 228 3327 Et
250 3264 354 3348 pisces
378 3285 530 3329 venerare
554 3264 718 3330 delicatos.

253 3398 697 3565 qwaffdwwthXXI.

181 3501 251 3576 Quo
296 3502 385 3584 cupis
409 3503 443 3566 in
464 3501 587 3567 nostris
611 3501 736 3586 dicique
758 3503 887 3588 legique
909 3502 1031 3567 libellis
1080 3536 1082 3542 v
1156 3524 1160 3529 ·

223 3589 269 3654 ut
291 3592 464 3655 nonnullus
487 3591 591 3655 honos
615 3591 756 3655 creditur
779 3592 840 3655 iste
863 3591 940 3675 tibi,

180 3675 230 3742 Ne
253 3679 393 3756 valeam,
416 3679 444 3742 si
465 3701 531 3743 non
553 3700 605 3743 res
629 3683 678 3744 est
701 3680 888 3763 gratissima
910 3680 1005 3744 nob1s
1111 3753 1113 3757 y

218 3765 268 3829 Et
291 3767 366 3832 volo
390 3770 423 3832 te
446 3766 569 3833 chartis
593 3767 766 3834 inseruisse
791 3768 881 3834 meis.
