2408 4132
359 983 405 1057 u
434 982 540 1055 vlu.
568 981 829 1055 nunnius

288 1137 892 1237 EPIGRAMMATON

495 1311 629 1377 LIBER
650 1311 691 1378 V.

579 1489 596 1552 Ι

134 1598 206 1662 Hoc
227 1597 304 1679 tibi,
326 1594 493 1659 Palladiae
517 1616 574 1658 seu
596 1594 733 1658 collibus
756 1595 856 1658 uberis
881 1593 998 1679 Albae,
1107 1650 1109 1654 ,

179 1685 312 1767 Caesar,
335 1687 367 1746 et
390 1683 465 1746 hinc
488 1683 633 1747 Triviam
654 1682 827 1766 prospicis,
850 1683 924 1747 inde
942 1682 1075 1767 Thetin,

135 1772 197 1838 Seu
219 1777 277 1836 lua
301 1771 456 1836 veridicae
480 1770 607 1834 discunt
630 1791 786 1852 responsa
809 1792 950 1856 sorores,

177 1861 279 1924 Plana
303 1859 478 1923 suburbani
502 1880 565 1940 qua
588 1858 685 1922 cubat
708 1859 793 1921 unda
815 1859 905 1942 freti,

11 1968 13 1973 ’
108 1947 198 2013 sSeu
220 1949 329 2032 placeb
351 1946 480 2010 Aeneae
502 1946 627 2029 nutrix,
650 1968 706 2009 scu
728 1946 797 2010 filia
820 1945 918 2030 Solis,

180 2034 253 2099 Sive
276 2035 452 2098 salutiferis
476 2034 630 2099 candidus
652 2034 766 2098 Anxur
789 2036 894 2118 aquis,

134 2123 308 2206 Mittimus,
332 2145 350 2187 o
374 2144 482 2186 rerum
504 2121 584 2186 felix
605 2123 710 2186 tutela
733 2122 896 2206 salusque,

179 2211 307 2293 Sospibe
331 2233 394 2294 quo
419 2215 548 2296 gratum
572 2211 729 2276 credimus
753 2232 823 2274 esse
845 2209 965 2279 Iovem.

134 2300 334 2363 Tubantum
357 2299 507 2382 accipias:
531 2319 591 2383 ego
615 2304 648 2362 te
671 2299 791 2384 legisse
813 2299 935 2380 putabo

91 2405 124 2452 10
178 2387 223 2451 Et
246 2387 390 2451 tumidus
414 2386 511 2451 Galla
534 2387 724 2451 oredulibate
746 2387 845 2450 fruar.

570 2545 613 2609 H.

132 2650 302 2715 Matronae
325 2651 480 2734 puerique
503 2651 721 2736 virginesque,

133 2738 237 2803 Vobis
261 2741 381 2822 pagina
403 2744 516 2802 nostra
538 2739 711 2804 dedicatur.

134 2827 195 2909 Tu,
219 2847 314 2909 quern
337 2825 500 2908 nequitiae
522 2828 725 2910 procaciores

134 2915 305 2978 Delectant
327 2913 462 2977 nimium
487 2915 633 2997 salesque
655 2915 746 2998 nudi,

108 3003 287 3067 oLascivos
311 3002 384 3085 lege
407 3004 560 3085 quattuor
582 3002 723 3066 libellos:

133 3090 272 3165 Quinus
295 3111 368 3153 cum
391 3088 521 3153 domino
544 3089 627 3154 libor
649 3091 788 3174 iocatur3

137 3179 239 3254 Quem
263 3176 472 3241 Germanicus
496 3198 550 3241 ore
573 3200 639 3242 non
661 3179 791 3242 rubenti

134 3265 251 3330 Coram
275 3264 430 3348 Cecropia
453 3265 542 3349 legal
564 3267 682 3349 puella.

562 3424 622 3489 III.

135 3529 253 3596 Accola
275 3531 341 3594 iarn
363 3535 494 3595 nostrae
517 3530 631 3615 Degis,
655 3528 857 3612 Germanice,
880 3530 985 3614 ripae,
1079 3591 1081 3596 .

177 3619 209 3683 A
230 3618 362 3683 famulis
385 3619 492 3683 Histri
515 3620 571 3704 qui
592 3618 654 3681 tibi
676 3618 764 3682 venii
788 3618 892 3701 aquiS‚

134 3706 253 3771 Laetus
277 3712 309 3772 et
333 3708 491 3772 adtonilus
514 3707 584 3770 viso
608 3707 703 3770 modo
727 3706 873 3789 praeside
896 3706 1008 3770 mundi

166 3794 314 3862 Adfatus
338 3795 617 3885 comitesdioibur
640 3816 711 3860 esse
733 3816 823 3859 suos:
