2408 4132
148 473 214 539 256
474 473 511 531 M.
530 473 611 530 VAL.
630 471 826 527 mannans

623 635 682 700 ΠΙ.

194 741 269 807 Νοιι
290 742 417 806 urbana
439 762 513 805 mea
534 744 663 806 tantum
686 741 864 826 Pimpleide
887 740 1029 825 gaudent

238 829 327 914 Otia,
349 852 409 895 neo
430 831 541 895 vacuis
565 830 697 895 auribus
719 831 783 894 ista
806 829 933 913 demus,

194 917 256 984 Sed
278 939 367 982 meus
391 919 425 982 in
448 916 569 982 Geticis
592 918 632 983 ad
654 917 776 983 Martia
798 918 892 1001 signa
913 916 1038 1000 pruinis

237 1005 268 1070 A
291 1005 395 1091 rigido
419 1006 537 1071 teritur
559 1007 744 1072 centurione
766 1006 863 1089 liber,

168 1094 321 1159 tDicitur
345 1099 377 1158 et
398 1097 529 1158 nostros
553 1098 684 1159 cantare
705 1093 879 1158 Britannia
900 1114 1021 1158 versus.

239 1182 324 1259 Quid
345 1183 500 1266 prodest?
537 1181 650 1247 Nescit
672 1183 819 1247 sacculus
841 1182 906 1246 ista
927 1179 1028 1246 meus.

193 1270 240 1334 At
263 1293 360 1355 quam
382 1271 524 1336 victuras
547 1274 733 1355 poteramus
756 1291 898 1356 pangere
921 1268 1051 1333 chartas

239 1357 431 1442 Quantaque
453 1358 560 1423 Pieria
581 1359 707 1443 proelia
728 1358 808 1423 flare
829 1358 922 1443 tuba,

194 1445 277 1512 Cum
298 1448 353 1532 pia
375 1447 573 1512 reddiderint
594 1448 780 1533 Augustum
801 1446 935 1510 numina
956 1444 1067 1528 terris,

152 1551 184 1600 10
237 1536 283 1600 Et
304 1534 526 1601 Maecenatem
549 1537 578 1600 si
600 1537 675 1619 tibi,
698 1535 816 1620 Roma,
839 1534 965 1599 darent!

622 1675 681 1741 IV.

195 1778 295 1846 Sacra
316 1787 464 1865 laresque
483 1781 663 1867 Phrygum,
687 1802 767 1865 quos
786 1780 901 1846 Troiae
924 1780 1040 1845 maluit
1062 1781 1159 1847 heres

239 1867 343 1944 Quam
365 1890 478 1954 rapere
501 1891 630 1934 arsuras
651 1867 881 1934 Laomedontis
905 1890 996 1954 opes,

196 1956 339 2040 Scriptus
363 1963 396 2022 et
418 1962 549 2022 aeterno
571 1979 657 2022 nunc
679 1958 819 2042 primum
840 1956 986 2040 Iuppiter
1009 1980 1090 2023 auro

238 2045 285 2109 Et
308 2068 400 2110 soror
423 2050 456 2110 et
480 2047 598 2110 summi
619 2046 725 2110 filiat
710 2049 783 2111 tota
804 2046 922 2130 patris,

169 2133 240 2198 snt
226 2134 319 2218 tqui
340 2135 510 2217 purpureis
533 2136 599 2199 iam
621 2135 721 2199 tertia
743 2136 876 2199 nomina
898 2133 1005 2213 fastis,

239 2221 329 2306 Iane,
352 2221 452 2288 refers
475 2221 617 2307 Nervae;
638 2245 697 2288 vos
720 2244 836 2308 precor
858 2244 913 2288 ore
935 2222 1004 2307 pio:

194 2307 289 2376 Hunc
312 2332 423 2384 omnes
447 2315 573 2376 servate
595 2273 721 2395 ducem,
744 2314 871 2377 servate
895 2314 1058 2412 senatum,

237 2398 384 2464 Moribus
406 2399 459 2464 hic
480 2400 572 2465 vivat
593 2398 763 2485 principis,
785 2399 840 2463 ilie
864 2398 940 2464 suis.

635 2558 676 2623 V.

194 2663 300 2729 Tanta
322 2664 384 2728 tibi
406 2667 457 2729 est
478 2665 558 2729 recti
580 2668 729 2729 reuerent
729 2664 775 2746 ia,
798 2661 930 2749 Caesar,
954 2667 986 2729 et
1010 2667 1121 2751 aequi,

240 2752 369 2827 Quanta
391 2751 516 2816 Numae
538 2751 659 2817 fuerat:
683 2753 740 2816 sed
761 2714 871 2816 Numa
892 2774 1017 2837 pauper
1040 2760 1121 2821 erat.

195 2838 306 2903 Ardua
329 2860 381 2903 res
403 2839 484 2903 haec
506 2844 569 2918 est,
593 2841 708 2925 opibus
730 2862 798 2904 non
819 2840 947 2905 tradere
969 2863 1080 2909 mores

239 2927 299 3010 Et,
321 2948 394 2991 cum
416 2930 468 2990 tot
491 2924 628 2992 Croesos
650 2928 779 3010 vicarie,
801 2949 871 2994 esse
894 2927 1048 2996 Numam.
1119 2973 1127 2979 ν

171 3013 233 3079 tsi
255 2976 389 3078 redeant
410 3015 579 3079 veteres
539 3019 683 3101 ,mgent
684 3016 717 3081 ia
738 3017 884 3101 nomina,
905 3021 1030 3103 patres,

240 3102 389 3186 Elysium
412 3101 557 3167 liceat
532 3124 560 3167 s1
581 3125 719 3169 vacuare
740 3126 867 3169 nemus.

135 3190 242 3256 Te
264 3191 351 3256 colet
373 3189 513 3254 invictus
536 3213 595 3276 pro
619 3192 771 3257 libertate
795 3191 965 3279 Camillus,

241 3279 365 3343 Aurum
387 3278 569 3360 Fabricius,
591 3285 623 3344 te
646 3281 823 3365 tribuente,
844 3283 946 3366 volet3

196 3367 241 3431 Te
265 3367 344 3432 duce
367 3366 522 3453 gaudebit
543 3367 678 3453 Brutus,
700 3368 761 3434 tibi
785 3368 876 3435 Sulla
899 3372 1052 3436 cruentus

155 3471 186 3521 10
240 3455 414 3539 imperium
437 3456 558 3541 tradet,
530 3460 654 3523 tcum
677 3459 842 3541 positurus
866 3458 941 3545 erit;

195 3543 242 3610 Et
263 3548 296 3608 te
319 3546 447 3627 privato
471 3567 543 3611 cum
566 3544 703 3611 Caesare
725 3546 865 3632 Magnus
888 3511 1026 3632 aniabit,

239 3631 385 3698 Donabit
406 3637 495 3699 totas
519 3637 552 3698 et
572 3635 634 3700 tibi
657 3633 792 3700 Crassus
815 3656 902 3718 opes.

188 3721 268 3804 Ipse
290 3742 419 3807 quoque
441 3721 576 3789 infernis
599 3727 767 3789 revocatus
790 3722 878 3789 Ditis
900 3723 948 3791 ab·
963 3722 1100 3863 umbra,

228 3808 268 3877 Si
292 3809 378 3881 Cato
402 3813 577 3905 reddatur,
598 3813 817 3883 Caesarianus
837 3812 944 3877 ent
