2408 4132
91 441 155 507 292
415 442 453 496 Μ.
471 442 554 498 VAL.
573 440 770 498 MAR'IIALIS

518 603 667 671 XXXVI.

135 700 250 765 Libras
274 705 429 786 quattuor
451 704 508 784 aut
530 700 609 765 duas
632 701 735 766 amIoo

91 802 93 806 “
135 789 371 874 Algentemque
394 794 507 876 togam
530 790 723 872 brevemque
745 789 887 874 laenam,

134 876 301 942 Interdum
325 880 472 943 aureolos
495 899 593 942 manu
616 880 797 962 crepantes,

135 965 266 1030 Possint
289 966 402 1031 ducere
426 967 481 1051 qui
504 966 582 1030 duas
605 964 780 1049 Kalendas,

110 1052 228 1129 eQuod
250 1077 357 1138 nemo,
379 1055 442 1119 nisi
464 1058 514 1138 tu,
537 1053 686 1137 Labulle,
709 1053 823 1138 donas,

136 1140 212 1206 Non
235 1164 282 1226 ee,
305 1143 396 1207 crede
419 1142 513 1225 mihi,
536 1142 649 1207 bonus.
685 1140 772 1218 Quid·
791 1141 893 1227 ergo?

135 1228 182 1293 Ut
203 1253 315 1295 verum
336 1232 465 1314 loquar,
488 1230 629 1315 optimus
652 1231 811 1294 malorum
835 1251 879 1295 es.

136 1317 270 1383 Pisones
295 1317 494 1403 Senecasque
517 1317 751 1402 Memmiosque

135 1405 181 1470 Et
166 1405 334 1508 tOrispos
358 1407 439 1471 mihi
461 1407 570 1488 redde,
594 1406 653 1471 sed·
671 1407 808 1490 priores:

93 1492 208 1559 10Fies
231 1495 379 1578 protinus
402 1496 536 1560 ultimus
559 1456 727 1560 bonorum

135 1582 196 1647 Vis
220 1605 315 1647 cursu
336 1583 535 1669 pedibusque
559 1583 716 1668 gloriari?

135 1669 313 1755 Tigrim
283 1694 374 1736 vmoe
396 1672 561 1755 levemque
583 1671 801 1736 Passerinum:

135 1757 236 1823 Nulla
259 1763 308 1823 est
331 1760 437 1843 gloria
458 1759 633 1844 praeterire
657 1759 785 1824 asellos.

511 1907 676 1975 XXXVII

135 2003 279 2070 Nasutus
301 2004 437 2071 nimium
460 2005 550 2090 cupis
572 2004 683 2072 videri.

136 2091 297 2158 Nasutum
319 2095 406 2178 volo,
428 2095 503 2159 nolo
526 2094 727 2178 polyposum.

502 2220 685 2299 XXXVIII.

135 2330 230 2395 Hunc
255 2331 309 2415 qui
332 2329 479 2395 femineis
501 2335 675 2432 noctesque
699 2331 829 2414 diesque
852 2331 1022 2400 cathedris

179 2418 297 2483 InsidIt
318 2422 391 2483 tota
413 2420 543 2483 notus
533 2442 569 2483 m
591 2420 671 2484 urbe
692 2419 803 2498 nimis,

136 2505 303 2572 Orinet
253 2508 303 2571 nIt
305 2529 361 2571 ens
365 2508 487 2591 ,niger
509 2512 689 2592 unguento,
710 2469 892 2595 perlaicidua
917 2507 1028 2604 ostro,

180 2595 243 2660 Ore
265 2600 369 2678 tener,
392 2596 477 2661 latus
499 2600 643 2681 pectore,
666 2617 757 2660 crure
780 2595 905 2681 glaber,

110 2683 238 2748 eUxori
261 2683 316 2768 qui
339 2705 434 2766 saepe
444 2687 532 2748 tuae
556 2706 663 2749 comes
686 2685 852 2767 improbus
875 2684 1009 2772 haeret,

179 2771 257 2835 Non
279 2774 329 2833 est
351 2771 436 2853 quod
458 2772 587 2855 timeas,
611 2770 767 2838 Candide.
788 2795 856 2838 non
876 2737 1009 2843 futuit

520 2911 668 2978 XXXIX.

137 3003 235 3070 Odit
220 3007 253 3069 te
258 3006 366 3089 ,quia
389 3006 493 3071 bellus
517 3030 564 3094 es,
589 3009 726 3076 Sabelle

136 3092 201 3158 Res
224 3096 274 3156 est
295 3093 410 3177 putida
433 3095 592 3162 bellust
560 3101 592 3162 et
615 3097 772 3164 Sabellus

136 3180 264 3246 Bellum
287 3182 421 3267 denique
445 3184 545 3266 malo,
568 3208 664 3270 quam
689 3185 862 3255 Sabellum.

135 3269 296 3335 Tabescas
318 3271 457 3356 utinam,
480 3271 605 3339 Sabelle
629 3275 726 3339 belle!

136 3507 297 3592 Mentiris,
321 3508 430 3575 oredo.
451 3510 531 3575 recit
508 3413 679 3579 cedinus
703 3515 859 3595 carmina,
883 3514 996 3582 laudo:

180 3595 315 3681 Cantas,
338 3602 448 3663 canto:
471 3599 570 3684 bibis,
593 3600 789 3685 Pontiliane,
811 3564 903 3667 bibo:

57 3765 60 3773 ⁴
136 3684 245 3769 Pedia,
268 3685 451 3753 dissimulo:
476 3709 603 3774 gemma
624 3690 672 3753 vis
696 3652 817 3775 ludeie,
840 3691 965 3758 vincor:

174 3773 242 3840 Res
266 3795 331 3841 una
354 3778 418 3864 est,
442 3775 510 3844 sine
533 3799 585 3845 me
608 3800 707 3866 quam
724 3778 821 3859 lacis
841 3782 874 3843 et
896 3783 1002 3848 taceo.
1104 3868 1107 3875 .
