2408 4132
372 1144 420 1217 M.
448 1143 553 1219 vin.
581 1144 842 1218 MARTIALIS

278 1318 929 1418 EPIGRAMMATON

485 1509 619 1576 urana
640 1510 728 1576 xiv.

445 1687 768 1769 Apophoreta.

593 1862 617 1928 L

147 1967 360 2052 Synthesibus
384 1968 459 2032 dum
483 1968 602 2053 gaudet
626 1991 722 2054 eques
742 1970 952 2052 dominusque
974 1973 1106 2033 senator

190 2057 338 2140 Dumque
362 2057 475 2120 decent
496 2060 643 2122 nostrum
666 2058 767 2142 pillea
790 2061 919 2140 sumpta
941 2056 1066 2142 Iovem3

147 2145 216 2210 Nee
238 2145 332 2208 timei
355 2144 489 2208 aedilem
512 2149 603 2209 moto
627 2149 772 2227 spectare
794 2144 925 2227 fritillo,

191 2232 272 2298 Cum
295 2231 402 2296 videat
424 2231 548 2317 gelidos
572 2236 639 2296 iam
662 2254 762 2316 prope
785 2255 883 2298 verna
906 2233 1006 2296 lacus:

120 2321 266 2386 5Divitis
290 2321 431 2385 alternas
456 2323 488 2383 et
509 2321 660 2404 pauperis
684 2320 793 2404 accipe
816 2324 933 2385 sortes:

189 2409 339 2474 Praemia
361 2407 513 2472 convivae
537 2408 613 2471 dent
636 2430 694 2473 sua
717 2408 852 2493 quisque
875 2429 943 2472 suc.

145 2497 248 2582 „Sunt
271 2498 384 2580 apinae
407 2495 569 2579 tricaeque
593 2500 625 2560 et
649 2496 676 2560 si
699 2496 776 2580 quid
797 2496 894 2560 vilius
916 2495 1017 2558 isiis.“

192 2586 271 2662 Quis
294 2584 421 2650 nescii?
444 2584 496 2649 vel
520 2585 591 2668 quis
614 2588 682 2648 iam
706 2584 876 2648 manifesta
899 2584 1020 2668 negat?

147 2673 208 2739 Sed
233 2673 309 2757 quid
332 2694 428 2759 agam
450 2672 559 2756 potius
582 2673 733 2755 madidis,
757 2670 908 2754 Satume‚
931 2672 1056 2757 diebus,

104 2779 136 2828 10
191 2763 279 2838 Quos
302 2761 364 2825 tibi
386 2783 446 2845 pro
469 2760 557 2825 eaelo
580 2761 667 2825 filius
692 2761 762 2846 ipse
785 2760 893 2824 dedit?

145 2850 205 2916 Vis
229 2849 368 2914 scribam
391 2849 518 2914 Thebas
542 2849 715 2914 Troiamve
737 2849 880 2914 malasve
903 2847 1078 2931 Mycenas?

189 2937 328 3023 ,‚Lude,“
349 2937 469 3022 inquis,
489 2937 671 3024 ,mucibus“.
706 2937 843 3003 Perdere
865 2937 942 3001 nolo
965 2958 1070 3001 nuces.

582 3094 626 3162 II.

70 3217 84 3270 Ι
104 3221 136 3270 13
148 3204 218 3280 Quo
241 3203 291 3268 vis
315 3225 440 3288 cunque
462 3204 535 3269 loeo
558 3206 650 3287 potes
673 3203 758 3266 hunc
780 3201 872 3265 finire
895 3199 1057 3264 libellum·

189 3290 346 3357 Versibus
370 3292 557 3377 explicitum
581 3295 630 3356 esi
653 3312 748 3356 omne
771 3289 895 3353 duobus
920 3309 1009 3370 opus,

74 3380 312 3448 111Lemmata
335 3381 363 3446 si
387 3381 514 3464 quaeris
537 3402 593 3444 eur
616 3379 682 3444 sint
705 3377 859 3460 ascripta,
883 3375 1016 3440 docebo:

190 3469 249 3554 Ur,
273 3469 301 3533 si
324 3468 491 3552 malueris,
513 3469 667 3532 lemmata
690 3466 761 3531 sola
785 3466 885 3550 legas.

418 3625 476 3692 IH.
499 3626 674 3708 Papillaree
696 3625 789 3689 citrei.

146 3733 240 3799 Secia
261 3733 327 3797 nisi
348 3733 382 3797 in
405 3736 516 3797 tenues
541 3752 682 3796 essemus
706 3731 796 3815 ligna
818 3727 976 3808 tabelias,

188 3823 344 3886 Essemus
365 3820 481 3907 Libyci
503 3820 618 3887 nobile
643 3819 754 3886 denda
779 3837 878 3883 anus.

139 3933 220 3974 misr,
955 3915 998 3962 Ἃ
