2408 4132
92 491 158 556 236
420 490 458 546 M.
478 489 557 544 VAL.
576 488 773 543 MARTIALIS

136 652 203 718 Uni
227 653 282 738 qui
305 653 438 738 cupiunt
461 653 589 737 placere
611 657 740 736 nuptae.

111 741 213 807 oNcn
235 742 315 806 haec
338 740 511 807 Colchidos
535 742 651 806 asserit
673 742 829 824 furorem,

137 829 208 893 Diri
231 830 367 914 prandia
387 851 447 894 nec
469 831 569 894 refert
592 829 768 914 Thyestae3

138 917 293 1001 Scyllam,
315 917 456 1001 Byblida
477 939 536 982 nec
558 917 659 981 fuisse
682 917 798 982 credit:

140 1004 202 1070 Sed
225 1009 332 1071 castos
356 1006 449 1071 docet
472 1010 505 1070 et
528 1007 647 1089 probos
671 1005 835 1089 amorem

136 1092 410 1178 Lusussdelicias
432 1093 640 1178 facetiaeque.

98 1198 130 1246 10
141 1181 240 1248 Cuius
263 1183 407 1247 carmina
429 1182 484 1267 qui
506 1182 588 1246 bene
612 1181 805 1264 aestimarit,

137 1268 269 1334 Nullam
293 1270 409 1334 dixerit
432 1292 501 1335 esse
523 1270 724 1353 nequiorem,

138 1357 272 1423 Nullam
295 1359 412 1423 dixerit
434 1380 505 1423 esse
528 1359 731 1423 sanctiorem.

139 1445 235 1510 Tales
258 1446 398 1532 Egeriae
420 1447 508 1512 iocos
531 1447 631 1511 fuisse

139 1534 211 1599 Udo
235 1535 423 1599 crediderim
446 1534 573 1600 Numae
596 1535 656 1600 sub
680 1537 782 1600 antro.

97 1638 130 1686 15
141 1621 210 1686 Hac
234 1622 452 1705 condiscipula
474 1625 526 1687 vel
548 1623 610 1688 hac
633 1622 790 1705 magistra

23 1733 24 1737 ¹
140 1710 238 1774 Esses
262 1711 386 1775 doctior
409 1714 442 1774 ct
464 1710 594 1794 pudica,
619 1709 765 1794 Sappho:

48 1868 50 1874 y
142 1796 204 1862 Sed
227 1801 333 1862 tecum
355 1800 476 1882 pariter
502 1798 661 1881 simulque
683 1799 788 1862 visam

139 1885 248 1950 Durus
272 1884 447 1969 Sulpiciam
470 1885 583 1951 Phaon
607 1889 741 1951 amaret.

139 1972 288 2038 Frustra:
310 1996 449 2060 namque
473 1997 511 2039 ea
532 1996 591 2039 nec
614 1974 772 2039 Tonantis
795 1996 876 2038 uxor

97 2061 209 2126 20Nec
230 2060 351 2126 Bacchi
373 2084 431 2127 neo
453 2062 616 2147 Apollinis
639 2062 749 2146 puella

138 2150 262 2234 Erepto
286 2150 349 2215 sibi
371 2151 494 2216 viveret
517 2149 649 2218 Caleno.

523 2281 672 2348 XXXVI.

139 2370 293 2455 Improba
315 2372 479 2436 Massiliae
503 2371 658 2456 quidquid
680 2370 819 2435 fumaria
843 2374 977 2456 cogunt,

183 2458 312 2544 Accipit
336 2464 476 2525 aetatem
500 2459 645 2544 quisquis
669 2461 710 2524 ab
734 2459 808 2544 igne
832 2460 942 2542 cadus,

139 2547 170 2611 A
193 2551 240 2630 te,
262 2547 395 2631 Munna,
419 2547 519 2613 venit:
542 2547 668 2612 miseris
691 2551 728 2611 tu
751 2547 854 2611 mittis
878 2549 992 2612 amicis

184 2634 245 2699 Per
266 2635 365 2719 freta,
387 2658 446 2720 per
467 2638 583 2721 longas
606 2638 714 2702 toxica
737 2656 833 2700 saeva
855 2636 937 2719 vias3

115 2721 210 2788 oNec
232 2723 321 2788 facili
342 2725 462 2809 pretio,
485 2725 541 2789 sed
564 2746 627 2808 quo
652 2727 804 2789 contenta
825 2722 956 2788 Falerni

186 2809 283 2876 Testa
306 2813 350 2875 sit
373 2817 429 2875 aut
452 2812 542 2876 cellis
566 2812 655 2877 Setia
677 2834 752 2876 cara
775 2814 852 2877 suis.

140 2896 216 2963 Non
237 2899 347 2962 venias
371 2921 470 2983 quare
492 2904 561 2964 tam
584 2901 683 2984 longo
706 2904 854 2984 tempore
876 2900 1029 2987 Romam,

185 2985 274 3050 Haec
296 2990 376 3071 puto
401 3008 498 3051 causa
519 2988 582 3052 tibi
605 2992 668 3072 est,
689 3010 730 3052 ne
753 2992 811 3053 tua
831 2988 907 3054 vlna
930 2989 1035 3056 bibas

520 3118 685 3186 XXXVII.

141 3207 227 3272 Iuris
251 3211 284 3271 et
307 3228 483 3290 aequarum
507 3208 612 3272 cultor
635 3208 839 3274 sanctissime
861 3210 985 3294 legum,

71 3295 73 3298 ’
184 3295 335 3361 Veridico
358 3295 487 3360 Latium
511 3296 566 3379 qui
588 3297 674 3381 regis
699 3319 753 3362 cre
774 3296 895 3376 forum,

141 3382 309 3469 Municipi‚
330 3383 491 3467 Materne,
514 3388 570 3450 tuo
595 3385 759 3470 veterique
783 3386 886 3452 sodali

185 3471 362 3539 Callaicum
385 3472 520 3537 mandas
544 3473 650 3557 siquid
673 3474 713 3538 ad
736 3473 900 3540 Oceanum
920 3511 971 3540 -.

115 3561 194 3626 aAn
216 3559 415 3626 Laurentino
438 3564 549 3647 turpes
573 3563 608 3625 in
630 3563 727 3627 litore
749 3585 846 3628 ranas

185 3649 231 3714 Et
255 3649 357 3714 satius
379 3653 492 3714 tenuas
515 3651 629 3715 ducere
653 3651 755 3714 credis
779 3672 869 3736 aeos,

136 3737 191 3801 Ad
214 3760 275 3802 sua
298 3738 462 3821 captivum
486 3760 581 3824 quam
606 3761 684 3803 saxa
706 3740 872 3804 remittere
895 3760 930 3805 m
1063 3752 1067 3759 '

176 3824 275 3892 Visus
300 3828 365 3894 erit
389 3827 486 3896 libris
511 3828 569 3919 qui
591 3829 699 3895 minor
722 3849 793 3893 essa
811 3826 965 3913 tribbsgr.
