2408 4132
342 319 639 378 EPIGRAMMATON
656 321 724 378 LIB.
742 321 789 377 III
1027 323 1071 389 63

524 483 612 547 XIII.

108 590 195 654 Dum
216 611 282 654 non
304 589 353 656 vis
377 581 496 675 pisces,
515 589 592 653 dum
613 611 680 655 non
698 591 749 654 vis
772 611 904 676 carpere
925 591 1033 672 pullos

152 677 198 742 Et
220 678 294 760 plus
318 700 416 762 quam
439 679 542 763 putri,
564 675 702 758 Naevia,
724 679 829 761 parcis
853 699 944 762 apro,

109 766 251 830 Accusas
273 766 462 850 rumpisque
485 786 610 848 cocum,
633 769 789 850 tanquam
812 768 923 831 omnia
945 768 1043 832 cruda

152 851 319 918 Attulerit.
354 852 530 938 Nunquam
553 854 600 918 sio
623 875 684 940 ego
708 854 823 920 crudus
847 876 911 920 ero.

522 1028 610 1092 XIV.

107 1135 245 1200 Romam
267 1135 400 1218 petebat
424 1134 564 1200 esuritor
586 1074 796 1200 Tuoeffislic
831 1094 985 1255 (Μ”Ῠ
1145 1215 1150 1228 ι

151 1222 319 1288 Profectus
343 1245 382 1287 ex
403 1215 573 1306 Hispania.

107 1310 254 1376 Occurrit
277 1311 327 1376 illi
350 1312 570 1394 sportularum
592 1310 715 1375 fabula:

151 1399 183 1464 A
204 1402 304 1484 ponte
326 1399 424 1465 rediit
446 1398 577 1464 Mulvio.

952 1286 985 1322 l

530 1592 601 1657 XV.

106 1701 184 1765 Plus
208 1699 309 1765 credit
330 1720 425 1763 nemo
449 1702 521 1764 tota
544 1721 642 1784 quam
665 1697 789 1765 Gordus
812 1701 846 1766 in
868 1702 957 1767 urbe.

150 1787 251 1873 „Cum
274 1789 318 1852 sit
339 1792 407 1851 tam
430 1810 566 1871 pauper,
590 1789 793 1872 quomod0?“
826 1787 946 1855 Caecus
970 1795 1068 1856 amat.

522 1980 609 2047 XVI.

106 2087 174 2152 Das
199 2087 411 2173 gladiatores,
434 2091 581 2152 sutorum
603 2087 728 2171 regule,
751 2087 859 2171 cerdo,

151 2174 306 2260 Quodque
328 2175 390 2239 tibi
412 2175 528 2239 tribuit
551 2174 680 2258 subula,
703 2175 769 2240 sica
790 2177 886 2261 rapit.

105 2263 226 2328 Ebrius
244 2286 293 2329 es:
315 2284 418 2347 neque
442 2263 527 2327 enim
545 2262 667 2327 faceres
685 2263 748 2328 hoc
766 2263 892 2328 sobrius
911 2287 1066 2351 unquam,

150 2350 197 2416 Ut
220 2352 319 2416 velles
343 2351 430 2416 corio
454 2351 577 2434 ludere,
599 2350 709 2433 cerdo,
732 2355 799 2417 tu0.

78 2440 229 2506 elusisti
252 2441 352 2504 corio:
376 2439 432 2504 sed
454 2443 500 2523 te,
522 2439 604 2505 mihi
626 2439 732 2522 crede,
755 2444 917 2505 memento

149 2527 244 2593 Nunc
265 2528 300 2591 in
322 2527 488 2612 pellicula,
514 2528 622 2613 cerdo,
644 2531 754 2592 tenere
777 2533 842 2592 tua.

513 2721 617 2787 XVII.
1083 2719 1130 2796 fb

105 2827 303 2894 Circumlata
326 2828 380 2892 diu
404 2828 523 2893 mensis
547 2828 694 2893 scriblita
717 2829 863 2894 secundis
979 2827 982 2834 ’

148 2915 273 2981 Urebat
295 2916 395 2981 nimio
420 2938 515 2982 saeva
538 2918 645 2982 calore
668 2939 795 3000 manus3

106 3003 169 3069 Sed
191 3005 296 3088 magis
320 3004 455 3070 ardebat
478 3003 589 3069 Sabidi
612 3005 703 3091 gula:
726 3005 874 3089 protinus
899 3027 976 3092 ergo

150 3090 300 3157 Sufflavit
322 3092 431 3157 buccis
453 3097 567 3176 terque
590 3100 767 3177 quaterque
791 3095 867 3157 suis.

77 3180 168 3247 ellla
192 3181 321 3265 quidem
343 3181 449 3265 tepuit
472 3181 654 3265 digitosque
677 3181 848 3246 admittere
871 3182 941 3246 visa
964 3187 1026 3267 est,

149 3267 212 3334 sed
234 3290 329 3334 nemo
352 3268 460 3354 potuit
483 3273 631 3355 tangere:
654 3270 766 3333 merda
788 3269 858 3333 fuit.

505 3462 625 3527 XVIII.

104 3568 295 3634 Perfrixisse
317 3573 391 3633 tuas
416 3572 530 3652 questa
552 3573 603 3633 est
625 3561 783 3653 praefatio
807 3570 924 3635 fauces.
1003 3622 1008 3631 .

149 3655 231 3722 Cum
254 3662 287 3722 te
310 3657 487 3744 excusaris,
510 3655 671 3748 Maxime,
693 3657 777 3747 quid
793 3658 941 3725 tacitast
