2408 4132
385 301 680 358 EPIGRAMMATON
698 304 764 358 LIB.
784 306 804 360 I.
1028 365 1029 369 ,
1057 271 1101 371 39

130 460 299 549 Argeum,
322 465 409 549 nive,
433 465 517 548 lilio,
539 465 688 550 ligustro.

138 551 201 616 Sed
224 553 385 637 quandam
407 554 482 617 volo
506 558 601 617 noete
624 555 814 640 nigriorem,

109 640 301 724 aFormiea,
324 641 409 725 pice,
433 641 579 727 graculo,
598 641 722 707 cicada.

138 728 208 793 Iam
232 729 404 813 suspendia
427 751 524 794 saeua
547 729 728 814 cogitabas:

137 816 172 880 si
195 818 271 882 novi
294 819 374 882 bene
394 821 444 902 te,
466 816 617 901 Proeille,
639 818 739 883 vives.

540 956 654 1022 CXVI.

106 1084 107 1089 ¹
138 1065 210 1129 Hoc
232 1086 345 1130 nemus
369 1068 499 1130 aeterno
524 1065 665 1128 cinerum
690 1063 831 1128 sacravit
854 1063 970 1129 honori

182 1153 321 1217 Faenius
346 1156 378 1217 et
401 1153 481 1216 culti
504 1153 617 1236 iugera
639 1152 775 1237 pulchra
798 1152 868 1216 soli.

137 1240 209 1305 Hoc
231 1241 355 1327 tegitur
378 1241 442 1305 cito
466 1245 561 1325 rapta
585 1240 650 1305 suis
673 1239 811 1304 Antulla
834 1241 993 1323 sepulum,

183 1328 254 1394 Hoc
278 1330 340 1393 erit
361 1328 517 1393 Antullae
539 1328 659 1393 mixtus
683 1332 815 1412 uterque
838 1351 963 1413 parens.

111 1416 175 1482 ssi
199 1417 288 1502 cupit
310 1418 396 1482 hune
420 1417 551 1500 aliquis,
573 1416 703 1500 moneo,
725 1438 766 1480 ne
790 1420 898 1501 speret
921 1417 1078 1501 agellum:

117 1581 119 1584 Α
181 1505 342 1589 Perpetuo
368 1506 506 1570 dominis
530 1506 649 1570 serviet
671 1505 733 1569 iste
757 1504 833 1569 suis.

534 1645 664 1711 unvu.
768 1680 906 1738 «ᾗ,

137 1752 287 1818 Occurris
312 1753 474 1837 quotiens,
496 1753 653 1837 Luperee²
674 1732 826 1835 nobiss⁷

136 1842 215 1926 „Vis
239 1841 370 1906 mittam
392 1842 548 1925 puerum“
571 1841 705 1905 subinde
729 1841 822 1923 dieis,

137 1928 215 2013 „Oui
238 1929 349 1993 tradas
372 1929 632 2014 epigrammaton
655 1928 817 2011 libellum,

138 2018 272 2082 Lectum
296 2039 390 2102 quem
414 2017 476 2081 tibi
497 2017 646 2102 protinus
669 2015 876 2080 remittam?“

111 2105 214 2171 5N0n
237 2104 394 2189 estquod
417 2127 565 2189 puerum,
588 2104 744 2189 Luperee,
766 2126 871 2169 vexes.

137 2194 374 2278 Longumest,
398 2193 426 2257 si
448 2194 528 2258 velit
551 2194 591 2257 ad
612 2193 725 2257 Pirum
748 2193 871 2274 venire,

137 2283 184 2346 Et
207 2283 302 2347 sealis
324 2281 439 2345 habito
462 2282 582 2365 tribus,
606 2281 661 2344 sed
685 2281 768 2344 altis.
941 2228 1009 2393 γ

138 2369 230 2445 Quod
254 2371 381 2453 quaeris
405 2370 538 2453 propius
561 2373 654 2454 petas
676 2369 797 2432 licebit.

137 2459 220 2544 Apgi
243 2480 358 2541 nempe
382 2459 467 2522 soles
491 2458 598 2523 subire
622 2458 738 2539 letum:
790 2438 953 2519 Q
977 2514 997 2523 -
1022 2470 1109 2561 iem

94 2564 127 2612 10
139 2545 262 2611 Contra
285 2544 432 2611 Caesaris
456 2549 507 2610 est
529 2545 635 2611 forum
659 2546 806 2625 taberna
839 2559 962 2650 saw
1122 2495 1153 2632 di
1191 2531 1204 2561 ”

138 2634 276 2719 Scriptis
299 2635 448 2719 postibus
471 2634 547 2699 hine
571 2638 604 2698 et
626 2633 699 2698 inde
722 2635 816 2718 totu,

136 2723 256 2788 Omnes
279 2727 316 2787 ut
338 2722 403 2787 eito
426 2723 576 2809 perlegas
598 2726 723 2807 poetas.

137 2811 233 2875 Illinc
256 2833 309 2874 me
332 2814 414 2894 pete.
459 2810 528 2875 Nec
551 2832 646 2895 roges
669 2810 840 2875 Atrectum

138 2936 176 2946 -
203 2898 274 2964 Hoe
296 2920 416 2963 nomen
438 2899 586 2963 dominus
610 2899 695 2986 gerit
716 2900 870 2963 tabernae
893 2920 951 2964 -ε

93 3005 125 3052 15
136 2988 185 3052 De
208 2987 313 3076 primo
337 2987 428 3052 dabit
452 2988 595 3052 alterove
617 2988 693 3051 nido

137 3077 260 3140 Rasum
283 3076 410 3158 pumice
433 3098 639 3160 purpuraque
662 3076 785 3140 cultum

136 3164 275 3228 Denaris
298 3163 360 3227 tibi
383 3163 523 3248 quinque
547 3164 741 3228 Martialem.

136 3252 251 3336 „Tanti
274 3273 338 3316 non
363 3252 416 3316 es“
439 3251 510 3316 ais?
534 3251 640 3335 Sapis,
663 3251 816 3334 Luperee.

521 3391 669 3458 CXVIII.
706 3460 732 3467 ,,
755 3446 821 3469 ,,
853 3390 856 3395 ’

135 3499 198 3564 Oui
221 3499 341 3584 legisse
366 3499 445 3563 satis
469 3502 608 3563 nonest
631 3472 868 3583 epigrammata
892 3501 1034 3581 centum,

180 3586 238 3653 Nil
261 3587 312 3652 illi
335 3589 415 3652 satis
439 3590 502 3672 est,
526 3585 728 3669 Caediciane,
751 3587 838 3651 mali.
