2408 4132
75 29 1062 244 afim*
1069 29 1142 41 ⁷

366 934 412 1009 Μ
439 933 544 1010 VAL.
572 934 832 1010 MARTIALIS

257 1194 260 1199 .
300 1107 902 1210 EPIGRAMMATON

494 1301 627 1368 arnna
648 1302 705 1368 xi.

141 1583 211 1660 Quo
233 1587 284 1667 tu,
308 1605 384 1669 quo,
407 1584 490 1650 liber
512 1585 629 1670 otiose,
653 1586 757 1651 tendis

140 1671 255 1738 Cultus
280 1669 399 1738 Sidone
421 1695 488 1738 non
510 1673 694 1740 cotidiana?

138 1759 304 1845 Numquid
326 1760 537 1828 Parthenium
560 1763 690 1828 videre?
727 1761 836 1829 Certe:

139 1849 248 1913 Vadas
272 1853 304 1913 et
326 1850 437 1915 redeas
460 1851 656 1916 inevolutus:

112 1938 253 2002 aLibros
275 1959 343 2002 non
364 1939 446 2024 legit
467 1941 536 2020 ille,
560 1940 617 2004 sed
638 1940 781 2023 libellos3

138 2026 206 2090 Nec
228 2026 331 2090 Musis
354 2031 461 2111 vacat,
484 2032 541 2092 aut
564 2029 632 2094 suis
655 2032 795 2094 vacaret.

138 2115 264 2199 Ecquid
286 2118 319 2179 te
343 2115 421 2179 satis
446 2117 600 2181 aestimas
621 2117 767 2198 beatum,

139 2202 342 2288 Contingunt
363 2203 424 2268 tibi
447 2204 476 2267 si
498 2226 612 2268 manus
636 2204 799 2269 minores?

136 2290 246 2356 Vicini
267 2296 341 2376 pete
364 2292 525 2376 porticum
548 2291 687 2368 Quirini:
815 2326 818 2336 ·

95 2380 280 2444 10Tmbam
302 2380 491 2445 nonhabet
514 2380 703 2445 otiosiorem

137 2469 310 2553 Pompeius
332 2468 384 2533 vel
408 2468 568 2552 Agenoris
591 2467 715 2552 puella,

136 2556 198 2621 Vel
220 2556 343 2640 primae
368 2556 514 2621 dominns
538 2557 619 2622 levis
643 2556 781 2621 carinae.

138 2644 220 2710 Sunt
241 2644 309 2709 illic
332 2645 394 2709 duo
417 2649 537 2728 tresve,
560 2645 616 2729 qui
638 2645 809 2710 revolvant

136 2733 331 2799 Nostrarum
354 2733 458 2799 tineas
480 2733 689 2818 ineptiarum,

93 2822 201 2887 15Sed
223 2845 295 2888 cum
319 2824 448 2903 sponsio
471 2821 666 2906 fabulaeque
689 2821 794 2885 lassae

136 2910 186 2975 De
210 2909 330 2994 Scorpo
353 2911 475 2975 fuerint
498 2915 530 2975 et
551 2909 701 2976 Incitato,

571 3069 613 3136 II.

137 3175 243 3240 Triste
267 3175 473 3259 supercilium
497 3176 632 3259 durique
655 3197 765 3240 severa
789 3172 921 3240 Catonis

180 3264 284 3328 Frons
307 3267 341 3327 et
364 3263 503 3328 aratoris
526 3265 596 3328 filia
618 3263 768 3328 Fabricia

135 3352 181 3416 Et
203 3352 369 3434 personati
390 3351 497 3417 fastus
520 3356 554 3418 et
575 3352 689 3436 regula
711 3373 838 3417 morum

180 3440 342 3525 Quidquid
366 3440 455 3505 etin
477 3441 620 3505 tenebris
642 3463 707 3505 non
731 3461 856 3522 sumus,
879 3439 925 3504 ite
947 3439 1043 3506 foras.

107 3527 288 3595 501amant
310 3551 382 3595 ecce
404 3527 470 3594 mei
490 3528 545 3612 „Io
569 3527 774 3594 Saturnalia“
796 3549 921 3592 versus:

179 3617 225 3681 Et
247 3617 324 3683 licet
347 3619 381 3682 et
402 3616 462 3682 sub
486 3619 521 3682 te
541 3616 702 3701 praeside,
724 3615 846 3695 Nerva,
869 3616 960 3681 libet.

133 3705 287 3772 Lectores
302 3704 422 3776 ,tetrici
442 3704 644 3771 salebrosum
668 3704 800 3770 ediscite
824 3703 987 3770 Santram:

178 3792 236 3860 Nil
258 3793 340 3861 mihi
361 3793 533 3865 vobiscum
556 3798 621 3863 est:
642 3792 708 3863 iste
726 3793 819 3861 liuor
837 3814 939 3859 meus
960 3793 1028 3854 est.
