2408 4132
363 485 657 543 EPIGRAMMITON
675 489 741 544 ΠΒ.
760 489 834 544 VIII.
1040 488 1101 554 181

548 649 609 714 XX
643 700 649 713 .

141 751 262 816 Vidisti
286 753 398 837 semel,
422 753 581 838 Oppiam,
603 650 732 820 dueum

140 839 285 924 Aegrum
309 863 375 905 me:
398 843 482 906 male
506 864 602 927 saepe
624 848 657 908 te
680 844 805 908 videbo.

540 983 657 1047 XXVI.

140 1084 215 1150 Non
238 1090 290 1150 tot
312 1088 348 1151 in
369 1088 449 1152 Eois
471 1089 582 1154 timuit
605 1088 803 1174 Gangeticus
827 1089 912 1155 arvis

185 1174 324 1259 Raptor,
347 1177 383 1240 in
403 1175 556 1260 Hyrcano
581 1178 635 1262 qui
654 1178 744 1262 fugit
766 1179 860 1242 albus
883 1200 977 1262 equo,

142 1263 228 1338 Quot
250 1268 308 1328 tua
330 1263 435 1328 Roma
457 1287 559 1331 novas
582 1267 676 1350 vidit,
700 1266 902 1351 Germaniae,
925 1267 1040 1351 tigres:

183 1351 326 1416 Delicias
349 1355 457 1437 potuit
479 1376 538 1419 neo
560 1377 727 1419 numerare
751 1377 835 1419 suas.

114 1437 251 1505 oVinoit
273 1441 473 1524 Erythraeos
496 1447 567 1527 tua,
591 1442 721 1528 Caesar,
744 1443 865 1507 harena
887 1442 1069 1525 triumphos

184 1527 230 1592 Et
251 1529 384 1593 victoris
409 1552 486 1614 opes
511 1530 702 1616 divitiasque
726 1532 789 1595 dei:

140 1614 226 1680 Nam
251 1639 323 1680 oum
347 1620 492 1702 captivos
516 1623 627 1702 ageret
650 1621 709 1684 sub
734 1619 880 1684 curribus
904 1618 1015 1703 Indos,

185 1703 364 1770 Contentus
388 1708 518 1793 gemina
540 1708 659 1792 tigride
681 1705 828 1773 Baoehus
852 1711 930 1772 erat.

530 1865 662 1931 XXVII.

139 1967 274 2032 Munera
297 1970 352 2053 qui
375 1971 436 2034 tibi
460 1970 516 2034 dat
539 1969 705 2056 locupleti,
730 1971 849 2055 Gaure,
873 1973 1015 2057 senique,

184 2055 219 2121 Si
242 2059 328 2141 sapis
353 2062 386 2122 et
405 2059 524 2142 sentis,
548 2060 609 2124 hoe
631 2060 693 2125 tibi
716 2060 956 2146 ait-„Moreref‘

139 2321 214 2405 Die,
236 2325 329 2407 toga,
351 2321 482 2386 facundi
506 2325 636 2427 gpaprm
659 2322 741 2386 mihi
762 2345 879 2386 munus
903 2324 1010 2408 amici,

182 2410 263 2474 Esse
287 2411 366 2475 velis
391 2412 479 2474 euius
502 2411 772 2494 fama‘deousque
795 2412 927 2496 gregis?

138 2499 268 2583 Appula
290 2497 411 2563 Ledaei
433 2498 495 2562 tibi
517 2498 628 2564 floruit
650 2499 751 2563 herba
773 2498 961 2583 Phalanthi,

183 2587 254 2662 Qua
277 2591 401 2651 saturat
425 2585 572 2652 Calabris
596 2587 685 2652 culta
707 2586 866 2652 Galaesus
890 2588 1003 2672 aquis?

110 2674 191 2738 uAn
212 2674 418 2740 Tartesiacus
441 2676 564 2740 stabuli
585 2676 727 2740 nutritor
748 2674 864 2740 Hiberi

181 2763 292 2828 Baetis
315 2764 350 2827 in
372 2763 532 2846 Hesperia
555 2768 587 2842 te
607 2786 734 2848 quoque
757 2765 838 2829 lavit
861 2765 941 2828 ove?

136 2852 191 2916 An
213 2855 270 2915 tua
293 2853 489 2916 multifidum
511 2853 693 2917 numeravit
715 2855 790 2917 13113
813 2853 995 2933 Timavum,
1041 2854 1099 2927 X<

122 2934 126 2944 ¹
181 2938 282 3013 Quem
306 2941 378 3030 pius
402 2941 551 3005 astrifero
575 2940 725 3024 Cyllarus
749 2964 803 3006 ore
826 2942 931 3006 bibit?
1039 2935 1069 3013 s

136 3028 181 3092 Te
203 3050 262 3092 neo
284 3028 459 3111 Amyclaeo
482 3029 588 3094 decuit
609 3029 708 3094 livere
731 3052 868 3115 veneno,

94 3132 125 3179 10
180 3115 250 3181 Neo
272 3117 403 3182 Miletos
426 3120 496 3182 erat
518 3118 638 3182 vellere
662 3118 760 3204 digua
782 3123 849 3183 tuo

135 3203 222 3268 Lilia
244 3209 280 3269 tu
303 3205 403 3270 vineis
426 3227 486 3270 neo
509 3206 613 3271 adhue
636 3207 769 3290 delapsa
791 3208 943 3290 ligustra,

179 3293 225 3357 Et
247 3293 419 3358 Tiburtino
442 3297 553 3360 monte
577 3295 661 3378 quod
685 3295 774 3358 albet
796 3295 889 3377 ebur3

136 3379 315 3466 Spartanus
339 3382 402 3446 tibi
425 3382 516 3447 oedet
539 3384 610 3447 olor
631 3381 836 3466 Paphiaeque
859 3383 1040 3465 columbae,

180 3468 280 3534 Cedet
302 3470 493 3555 Erythraeis
516 3475 608 3536 eruta
632 3492 761 3555 gemma
783 3470 888 3535 vadis:

93 3575 123 3623 15
136 3557 198 3622 Sed
221 3560 298 3624 lieet
319 3559 399 3624 haee
420 3558 534 3643 primis
556 3559 686 3623 nivibus
710 3557 775 3622 sint
799 3559 926 3622 aemula
949 3559 1045 3642 dona,

128 3689 129 3692 =
178 3647 255 3712 Non
278 3651 353 3712 sunt
375 3647 550 3712 Parthenio
574 3646 760 3711 candidiora
784 3669 850 3712 suo.

134 3735 210 3801 Non
234 3758 294 3822 ego
318 3735 529 3818 praetulerim
551 3732 738 3818 Babylonos
761 3734 849 3820 pieta
872 3735 1032 3818 superbae

178 3824 291 3912 Texta,
315 3823 509 3891 Semiramia
532 3846 617 3912 quae
638 3824 815 3892 uariantur
838 3844 923 3907 auu-3
