2408 4132
146 485 211 553 250
471 484 508 539 n.
528 483 608 540 vsa.
626 483 823 539 unanima

559 645 735 713 LXXXVI.

189 754 292 820 Nemo
315 775 401 819 nova
424 752 524 818 caluit
547 751 593 817 sic
615 751 834 817 inflammatus
859 750 977 839 amica,

232 843 403 929 Flagravit
426 844 548 925 quanto
570 839 697 905 Laurus
721 862 830 905 amore
852 842 946 926 pilae.

190 931 252 997 Sed
275 931 331 1016 qui
352 929 475 1016 primus
499 933 568 993 erat
591 930 681 993 lusor
704 929 781 993 dum
802 929 912 995 floruit
935 934 1038 1015 aetas,

232 1017 328 1086 Nune
350 1022 524 1104 postquam
547 1017 630 1081 desit
653 1016 776 1101 ludere,
799 1019 903 1101 prima
925 1020 994 1105 pila
1017 1024 1075 1085 est

551 1156 745 1223 LXXXVII.

190 1264 347 1330 Octobres
371 1285 431 1350 age
455 1263 577 1329 sentiat
599 1263 761 1328 Kalendas

188 1353 331 1419 Facundi
354 1353 409 1438 pia
430 1352 535 1418 Roma
556 1351 727 1417 Restituti:

188 1441 324 1528 Linguis
348 1442 497 1507 omnibus
521 1444 554 1505 et
575 1441 681 1505 favete
704 1439 804 1525 votis;

189 1529 342 1596 Natalem
366 1529 515 1609 colimus,
537 1532 643 1595 tacete
666 1528 749 1595 lites.

164 1618 288 1684 adesit
311 1641 421 1683 cereus
444 1618 526 1681 aridi
548 1617 688 1699 clientis,

189 1707 233 1771 Et
256 1707 330 1771 vani
351 1706 496 1790 triplices
520 1706 696 1789 brevesque
718 1727 856 1791 mappae

189 1795 370 1879 Expectent
393 1793 492 1878 gelidi
514 1793 603 1858 iocos
626 1793 823 1859 Decembris.

190 1881 322 1948 Certent
345 1883 531 1947 muneribus
551 1881 726 1947 beatiores:

189 1971 353 2057 Agrippae
376 1970 519 2035 tumidus
541 1970 727 2056 negotiator

147 2077 180 2126 10
190 2058 304 2126 Cadmi
326 2059 504 2144 municipes
526 2058 611 2123 ferat
634 2057 793 2144 lacernas3

189 2149 379 2234 Pugnorum
400 2169 474 2212 reus
498 2148 669 2232 ebriaeque
690 2149 796 2212 noctis

190 2236 363 2302 Cenatoria
385 2238 497 2301 mittat
519 2237 691 2320 advocat03

189 2325 353 2390 Infamata
374 2326 481 2391 virum
502 2324 612 2408 puella
633 2325 726 2407 vicit,

189 2413 293 2480 Veros
316 2413 551 2497 sardonychas,
574 2413 631 2478 sed
653 2413 725 2496 ipsa
747 2412 870 2498 tradat;

146 2517 179 2566 15
189 2501 325 2567 Mirator
346 2507 492 2567 veterum
516 2522 612 2566 senex
635 2523 770 2566 avorum

176 2591 299 2655 'Donet
319 2588 467 2655 Phidiaci
489 2593 637 2654 toreuma
659 2590 754 2674 caeli3

189 2677 335 2743 Venator
358 2679 513 2762 leporem,
537 2678 669 2744 colonus
692 2678 844 2761 haedum,

189 2766 336 2831 Piscator
358 2765 442 2830 ferat
465 2788 640 2850 aequorum
662 2767 803 2851 rapinas.

190 2852 225 2918 si
247 2852 348 2917 mittit
371 2876 429 2917 sua
453 2854 601 2938 quisque,
625 2854 703 2939 quid
724 2859 856 2940 poetam

146 2957 180 3005 ao
190 2940 367 3005 Missurum
389 2939 462 3023 tibi,
485 2941 660 3026 Restitute,
683 2943 808 3008 credis?

545 3099 754 3166 LXXXVIII.

190 3205 310 3271 Omnes
333 3205 549 3290 persequeris:
571 3210 773 3291 praetorum,
796 3205 907 3291 Cotta,
930 3208 1062 3275 libellos

234 3293 364 3379 Accipis
387 3298 421 3359 et
443 3315 541 3360 ceras.
578 3294 749 3360 Officiosus
772 3295 870 3362 homo
894 3319 937 3362 es.

560 3453 734 3519 LXXXIX.

189 3559 270 3625 Iunc
293 3560 400 3646 labor,
422 3558 595 3645 Polyclito,
617 3565 693 3627 tuus
716 3565 750 3626 et
773 3562 877 3648 gloria
900 3562 991 3646 felix,

233 3648 406 3714 Phidiacae
429 3654 583 3734 cuperent
606 3672 705 3734 quam
727 3652 883 3716 meruisse
907 3672 1036 3735 manus,

185 3735 248 3801 Ore
269 3737 356 3804 nitet
379 3740 488 3825 tanto,
512 3743 633 3827 quanto
657 3743 844 3825 superasset
865 3739 901 3805 in
922 3739 982 3805 Ida

214 3823 333 3895 Iudice
356 3829 530 3900 convictas
554 3854 625 3900 non
648 3829 821 3898 dubitante
841 3827 930 3893 deas.
