2408 4132
363 322 659 380 EPIGRAMMATON
677 324 743 381 LIB.
762 324 809 380 IV.
1045 323 1088 388 95

521 486 651 551 XLVII.

125 593 308 658 Encaustus
331 592 502 656 Phaethon
524 592 636 657 tabula
658 593 720 657 tibi
742 593 848 677 pietus
870 592 905 656 In
927 593 988 657 hao
1011 596 1069 657 est.

171 679 255 756 Quid
277 680 339 744 tibi
362 682 424 765 vis,
448 682 596 764 dipyrum
620 681 676 764 qui
699 681 905 746 Phaethonta
926 681 1029 746 facis?

513 820 661 887 XLVIII.

125 925 251 991 Percidi
274 927 408 1010 gaudes,
431 928 589 1010 percisos,
612 926 737 1010 Papile,
760 927 878 1010 ploras.

172 1012 251 1097 Cur,
274 1036 355 1100 quae
378 1015 427 1080 vis
449 1014 534 1098 fieri,
557 1013 679 1098 Papile,
701 1015 789 1079 11111
812 1015 922 1080 doles?

125 1102 276 1166 Paenitet
300 1103 456 1167 obscenae
479 1103 680 1187 pruriginis?
704 1125 746 1167 an
768 1103 873 1188 magis
895 1103 978 1168 illud

171 1189 260 1274 Fles,
284 1190 371 1274 quod
392 1191 526 1275 persidi,
550 1190 676 1275 Papile,
699 1191 854 1255 desieris?

530 1348 643 1413 XLIX.

126 1453 255 1538 Nescit,
278 1455 371 1520 erede
393 1454 484 1539 mihi,
507 1455 584 1540 quid
607 1455 674 1520 sint
692 1455 941 1541 epigrammata,
959 1454 1088 1539 Flacco,

173 1541 235 1618 oui
257 1544 386 1608 tantum
410 1544 500 1609 lusus
523 1544 589 1608 ista
610 1543 762 1628 iocosque
784 1548 888 1610 voest.

126 1631 187 1696 Ille
211 1631 316 1716 magis
340 1631 436 1715 ludit,
459 1633 515 1716 qui
538 1631 652 1697 soribit
673 1633 810 1717 prandia
833 1633 921 1698 saevi

172 1719 304 1803 Tereos,
328 1722 385 1784 aut
408 1741 532 1803 conam,
555 1720 651 1786 erude
674 1720 831 1804 Thyesta,
853 1724 958 1803 tuam,

101 1808 197 1874 5Aut
217 1829 317 1892 puero
340 1807 479 1892 liquidas
503 1812 617 1893 aptant
619 1830 670 1872 em
693 1808 861 1873 Daedalon
883 1809 966 1892 alas,
1082 1857 1140 2027 b<

171 1896 362 1961 Pascentem
386 1894 511 1961 Siculas
535 1900 592 1961 aut
612 1896 840 1999 Polyphemon
863 1918 947 1961 oves.

127 1985 159 2050 A
181 1966 303 2049 destris
326 1985 440 2086 procul
464 1988 514 2049 est
537 1985 641 2049 omnis
664 1986 771 2050 vesica
792 1985 926 2068 libellis,

173 2072 268 2137 Musa
289 2094 349 2137 neo
371 2074 485 2137 insano
510 2077 736 2156 syrmateos
676 2061 790 2137 nb’ira
812 2077 923 2137 tumet
993 2071 1154 2192 Ἣ

128 2162 207 2245 „Illa
229 2166 340 2225 tamon
360 2160 496 2224 laudant
519 2183 642 2246 omnes,
665 2161 837 2244 mirantur,
860 2158 1022 2224 adorant!

85 2267 118 2316 10
174 2248 281 2315 Oonfit
267 2254 351 2314 teor:
373 2248 509 2313 laudant
530 2249 599 2328 illa,
623 2211 679 2314 s'ed
701 2250 767 2314 1111
789 2248 913 2333 legunt.

568 2406 605 2473 L.

129 2513 213 2590 Quid
235 2536 300 2595 me,
323 2513 420 2597 Thai,
442 2535 552 2577 senem
575 2512 711 2578 subinde
734 2512 838 2577 diois?

128 2602 233 2668 Nemo
257 2604 320 2685 611,
342 2601 438 2679 Thai,
461 2623 558 2666 senex
582 2602 622 2666 ad
644 2600 878 2666 irrumandum.

561 2759 613 2824 LI.

129 2865 212 2933 Cum
234 2865 296 2930 tibi
317 2887 383 2930 non
406 2870 514 2931 essent
537 2888 592 2931 sex
615 2866 718 2950 milia,
742 2865 938 2951 Caeciliano,

172 2953 304 3040 Ingenti
325 2955 391 3018 late
415 2957 525 3020 vectus
550 2977 583 3020 es
606 2955 807 3039 hexaphoro:

127 3043 307 3126 Postquam
329 3042 381 3106 bis
405 3043 508 3107 decies
530 3042 647 3106 tribuit
669 3044 729 3107 dea
752 3066 846 3109 oaeea
870 3043 1039 3126 sinumque

173 3131 342 3216 Ruperunt
363 3131 500 3212 nummi,
522 3129 627 3194 faetus
651 3152 697 3213 11,
721 3152 806 3215 1111,
828 3132 933 3215 pedes.

102 3219 213 3297 aQuid
235 3219 297 3283 tibi
319 3240 378 3301 pro
401 3218 525 3282 meritis
550 3222 582 3282 et
605 3219 707 3283 tantis
731 3220 880 3284 laudibus
904 3218 1036 3304 optem?

172 3308 216 3373 Di
238 3306 375 3372 reddant
397 3307 525 3390 sellam,
549 3304 744 3392 Caeciliano,
766 3307 836 3372 tibi.

555 3465 625 3530 LH.

128 3574 258 3640 Gestari
279 3573 398 3639 iunctis
420 3572 484 3637 nisi
508 3570 641 3653 desinis,
665 3570 804 3655 Hedyle,
828 3571 949 3656 capris,

174 3663 237 3743 Qui
260 3663 356 3728 modo
378 3661 458 3728 fieus
483 3681 570 3750 eras,
591 3660 662 3728 iani
684 3660 865 3749 oapriheus
886 3659 1003 3725 1111
