2408 4132
93 477 156 541 186
418 474 456 528 M.
474 473 554 530 VAL.
573 472 766 527 MARTIALIS

108 639 181 703 aaa
204 659 298 702 mane
322 637 418 702 sudas
441 637 531 701 urbis
555 635 673 700 osculis
696 636 791 717 udus,

134 726 282 810 Foroque
304 725 427 808 triplici
449 745 581 808 sparsus
604 727 678 788 ante
701 745 800 808 equos
824 744 936 788 omnes

134 815 319 898 Aedemque
342 813 458 878 Martis
482 817 514 878 et
537 814 686 878 colosson
707 811 850 895 Augusti

135 902 245 968 Ourris
268 924 327 985 per
350 924 462 967 omnes
485 902 663 985 tertiasque
686 901 888 984 quintaeque.

133 991 238 1076 Rape,
262 1011 414 1075 congere,
437 990 540 1074 aufer,
562 989 704 1074 posside:
727 988 971 1071 relinquendum
994 993 1054 1055 est.

92 1095 125 1144 10
136 1079 281 1163 Superba
304 1079 412 1143 densis
435 1100 511 1144 arca
533 1078 655 1161 palleat
677 1078 832 1160 nummis,

134 1166 273 1232 (lentum
296 1168 494 1250 explicentur
516 1166 654 1251 paginae
676 1164 909 1245 Kalendarum,

133 1255 261 1320 Iurabit
283 1256 391 1339 heres,
413 1259 447 1319 te
469 1255 552 1319 nihil
574 1254 756 1338 reliquisse,

134 1343 300 1427 Supraque
322 1346 467 1429 pluteum
489 1347 522 1406 te
545 1343 669 1407 iacente
690 1343 742 1408 vel
765 1363 892 1419 saxum,

133 1431 250 1496 Fartus
272 1454 397 1517 papyro
421 1433 497 1496 dum
520 1432 582 1495 tibi
605 1435 696 1496 torus
720 1431 848 1512 crescit,

92 1536 124 1584 15
134 1520 265 1585 Flentes
289 1522 446 1604 superbus
468 1520 610 1584 basiabit
633 1519 809 1602 eunuchos3

135 1609 268 1692 Tuoque
291 1610 396 1673 tristis
418 1609 519 1691 filius,
534 1608 622 1693 ⁴velis
644 1609 742 1690 nolis,

135 1696 217 1762 Cum
240 1697 418 1762 concubino
440 1701 535 1762 nocte
558 1696 696 1760 dormiet
718 1696 832 1780 prima.
924 1691 927 1698 ’

544 1853 641 1920 XLV.

135 1961 264 2036 Priscus
288 1960 329 2025 ab
353 1959 507 2024 Aetnaeis
531 1961 625 2044 mihi,
647 1959 775 2044 Flaoce,
797 1959 966 2025 Terentius
989 1959 1057 2024 oris

179 2049 349 2114 Redditur:
371 2048 455 2113 hane
477 2049 581 2112 lucem
603 2049 707 2113 lactea
730 2069 858 2132 gemma
876 2051 985 2130 notet3

134 2138 263 2202 Defluat
286 2141 318 2201 et
341 2137 430 2202 lento
454 2136 658 2222 splendescat
679 2138 811 2201 turbida
832 2136 898 2201 lino

178 2226 347 2310 Amphora
367 2229 502 2290 centeno
526 2227 657 2291 consule
678 2225 767 2290 facta
790 2225 904 2289 minor.

109 2313 311 2400 aOontinget
332 2335 397 2377 nox
420 2314 548 2398 quando
571 2314 651 2379 meis
674 2319 743 2379 tam
767 2313 902 2378 eandida
925 2311 1071 2377 mensis?

155 2471 157 2475 ,
179 2403 260 2467 Tam
282 2403 369 2466 iusto
393 2402 523 2466 dabitur
548 2403 676 2486 quando
700 2403 804 2466 calere
828 2401 938 2465 mero?

135 2489 215 2557 Cum
237 2496 283 2573 te,
307 2490 432 2575 Flacca,
455 2491 536 2554 mihi
558 2491 670 2555 reddet
693 2489 866 2574 Cythereia
889 2487 1029 2574 Cypros,

177 2577 338 2644 Luxuriae
361 2580 418 2643 fiet
440 2582 509 2641 tam
532 2581 618 2643 bona
641 2601 738 2662 causa
760 2601 858 2643 meae.
962 2646 966 2653 ,

535 2736 650 2803 XLVI.

134 2841 264 2916 Quanta
287 2845 345 2904 tua
367 2845 417 2904 est
439 2843 597 2926 probitas,
620 2847 713 2907 tanta
731 2847 782 2908 est
799 2843 937 2909 infantia
959 2842 1101 2927 formae,

179 2928 274 2994 Ceste
296 2951 390 3013 puer,
412 2951 512 3012 puero
535 2931 654 2995 castior
676 2931 869 3015 Hippolyto!

134 3018 179 3082 Te
204 3039 311 3081 secum
334 3016 441 3081 Diana
464 3018 543 3082 velit
566 3018 740 3102 doceatque
762 3023 889 3102 natare,

179 3104 224 3168 Te
249 3103 370 3187 Cybele
393 3108 498 3168 totum
522 3106 636 3170 mallet
657 3107 775 3172 habere
797 3107 942 3192 Phryge;

108 3192 185 3258 sTu
209 3192 414 3276 Ganymedeo
437 3197 568 3276 poteras
593 3194 760 3260 succedere
783 3197 882 3280 lecto,

179 3279 242 3346 Sed
266 3282 366 3346 durus
387 3281 516 3347 domino
539 3283 632 3347 basia
655 3284 725 3348 sola
748 3284 850 3349 dares.

134 3369 240 3454 Felix,
264 3391 345 3454 quae
368 3373 513 3434 tenerum
537 3372 668 3436 vexabit
691 3395 811 3456 sponsa
834 3372 986 3437 maritum

179 3459 225 3524 Et
247 3479 328 3543 quae
351 3462 384 3522 te
406 3458 504 3523 faciet
527 3460 633 3545 prima
656 3462 765 3545 puella
788 3462 905 3526 virum!

393 3661 395 3665 «
528 3618 660 3684 XLVII.

131 3722 215 3788 Pars
238 3725 445 3789 maxillarum
469 3731 564 3790 tonsa
588 3730 638 3791 est
659 3725 734 3810 tibi,
747 3688 1101 3892 wi,

166 3812 252 3878 Pars
277 3814 371 3880 volsa
396 3819 457 3882 est.
493 3813 608 3882 Unum
631 3815 749 3901 quisq
1005 3822 1011 3829 ’
