2408 4132
10 39 861 261 amp-'⁶⁷

355 465 651 524 urrsmnnmon
669 467 736 524 ms.
755 468 802 525 nr.
1014 459 1078 535 ‘all

121 629 167 695 nr
189 629 253 694 nisi
274 609 401 695 ‘iuratus
425 630 491 695 uxi
513 629 644 714 ,aanor
667 631 830 696 sansana
852 631 939 714 inas,

165 717 364 783 Permittunt
386 719 421 782 in
445 740 496 783 me
519 741 599 802 quae
621 718 684 782 tibi
706 719 823 801 multa,
844 723 944 785 nates.

95 804 203 881 suuis
227 808 256 870 si
277 828 329 871 me
352 810 478 890 tonsor,
497 829 571 871 cum
594 807 708 873 stricta
725 809 882 872 novacula
903 822 1001 892 supra
1017 812 1081 892 est,

166 893 255 959 Tunc
278 895 463 960 libertatem
487 895 679 979 divitiasque
702 895 820 981 roget?

121 981 326 1066 Promittam3
347 1004 451 1067 neque
474 984 559 1048 enim
577 988 673 1070 regat
693 984 751 1048 illo
768 988 915 1069 tempore
936 987 1064 1068 tonsor,

165 1069 264 1134 Latro
288 1075 397 1156 rogat3
419 1092 470 1136 res
494 1076 544 1136 est
566 1071 742 1156 imperiosa
763 1073 876 1137 timor:

124 1155 185 1222 Sed
208 1158 306 1222 fuerit
329 1181 427 1225 curva
450 1181 522 1224 cum
545 1163 617 1225 tuta
638 1161 796 1226 novacula
817 1161 927 1244 theca,

79 1262 112 1311 10
166 1245 331 1332 Frangam
352 1245 478 1313 tonsori
500 1268 595 1313 crura
619 1268 796 1334 manusque
820 1250 924 1314 simul.

122 1333 168 1398 At
190 1335 253 1398 tibi
273 1335 321 1399 nil
343 1326 473 1420 faciam,
496 1337 551 1401 sed
573 1337 645 1401 lota
665 1338 810 1403 mentula
832 1338 924 1404 laeva

166 1423 337 1507 Λειχάζειν
360 1425 492 1509 cupidae
516 1425 601 1489 dicet
624 1427 789 1493 avaritiae.

542 1552 625 1624 LIX.

124 1650 225 1717 Senos
249 1646 408 1719 Charinus
431 1655 581 1720 omnibus
605 1655 715 1741 digitis
739 1656 835 1741 gerit,

166 1739 236 1807 Nec
257 1746 351 1807 nocte
373 1744 466 1828 ponit
489 1743 616 1828 anulos,

123 1829 190 1895 Nec
213 1852 286 1895 cum
309 1831 446 1899 lavatur.
482 1829 588 1896 Causa
611 1831 771 1915 quaesit,
794 1830 970 1915 quaeritis?

167 1917 449 2003 Dactyliothecam
470 1941 537 1984 non
560 1918 668 1985 hehet.

550 2059 617 2124 LX.
822 2143 824 2146 Α

125 2154 174 2221 Sit
190 2155 326 2240 Phlogis
350 2177 392 2221 an
410 2153 533 2221 Chione
552 2155 672 2220 Veneri
690 2156 794 2240 magis
816 2159 906 2239 apta,
924 2154 1081 2239 requiris?

166 2243 337 2309 Pulchrior
361 2248 411 2308 est
434 2242 569 2327 Ohionc3
592 2244 648 2309 sed
670 2242 805 2328 Phlogis
828 2243 919 2308 ulcus
941 2242 1053 2325 habet,

38 2350 51 2372 ·
123 2330 222 2396 Ulcus
245 2332 346 2396 habet
366 2332 489 2396 Priami
512 2331 597 2416 quod
620 2332 750 2396 tendere
772 2332 877 2414 possit
900 2332 1022 2395 alutam

168 2418 323 2504 Quodque
346 2441 454 2484 senem
477 2419 590 2484 Pelian
612 2441 678 2484 non
701 2419 786 2483 sinat
810 2441 879 2484 esse
903 2441 1025 2500 senem,

98 2507 225 2574 5Ulcus
239 2508 339 2573 habet
352 2508 437 2591 quod
453 2507 572 2573 habere
586 2529 677 2572 suain
696 2509 766 2572 vult
767 2508 915 2660 1quisque
929 2507 1082 2591 puellam,

169 2597 261 2673 Quod
285 2606 398 2661 sanare
422 2594 550 2680 Criton,
571 2617 638 2661 non
660 2595 745 2678 quod
800 2596 876 2680 ygia
898 2599 1021 2679 potest:

124 2686 170 2749 At
193 2682 316 2750 Chione
338 2705 404 2749 non
429 2685 526 2749 sentit
549 2706 630 2769 opus
651 2705 711 2749 nec
734 2686 866 2749 vocibus
890 2684 966 2749 ullis

168 2772 323 2854 Adiuvat,
347 2773 513 2838 absentem
534 2783 789 2837 'marmoreamve
811 2777 913 2856 putes.

124 2861 282 2940 Exorare,
305 2861 372 2945 dei,
396 2862 424 2926 si
446 2882 505 2926 vos
528 2864 596 2926 tam
621 2882 739 2946 magna
761 2860 873 2926 liceret

83 2967 114 3014 10
167 2951 213 3015 Et
236 2951 322 3015 bona
344 2949 471 3015 velletis
494 2952 564 3014 tam
586 2951 731 3034 pretiosa
753 2946 842 3028 dare,

124 3037 195 3104 Hoc
218 3039 304 3122 quod
326 3038 426 3104 hahet
446 3036 572 3103 'Chione
596 3052 711 3123 corpus
733 3037 883 3103 'faceretis
906 3038 1041 3102 haberet

168 3125 214 3190 Ut
233 3126 382 3212 Phlogis,
406 3131 438 3193 et
454 3125 579 3193 Chione
602 3127 687 3210 quod
704 3120 840 3212 Phlogis
863 3126 954 3190 ulcus
977 3126 1083 3190 habet.
1171 3154 1173 3159 ’

541 3266 625 3332 LXI.

125 3365 251 3450 Lingua
274 3365 424 3447 maritus,
448 3364 599 3430 moechus
625 3385 678 3428 ore
701 3363 882 3446 Nanneius,

127 3451 384 3520 Summoenianis
407 3453 605 3536 inquinatior
627 3451 749 3536 buccis3

127 3542 229 3620 Quem
252 3565 324 3608 cum
347 3542 490 3606 fenestra
512 3541 594 3606 vidit
615 3563 635 3604 a
659 3539 827 3605 Suburana

126 3631 271 3696 Obscena
293 3630 413 3694 nudum
436 3628 536 3713 Leda,
558 3629 712 3694 fornicem
736 3627 836 3692 cludit

99 3718 327 3804 sMediumque
351 3718 475 3784 mavult
497 3717 636 3800 basiare,
660 3738 755 3802 quam
780 3732 954 3797 summum3

125 3807 222 3873 Modo
246 3808 302 3892 qui
324 3829 382 3893 per
405 3827 516 3872 omnes
540 3805 704 3872 viscerum
722 3804 828 3872 tultus
844 3803 926 3867 'luat
