2408 4132
93 424 157 488 164
418 421 456 478 Μ.
474 420 556 476 VAL.
575 419 769 475 MARTIALIS

110 586 182 650 snt
206 585 302 649 Gallo
326 583 476 667 Titioque
500 581 690 666 Caesioque,

135 673 253 758 Linges
276 695 342 739 non
364 672 445 736 mihi
464 707 504 718 —
524 693 600 735 nam
623 671 727 755 proba
750 673 782 734 et
800 669 921 754 pusilla
939 674 991 736 est
1021 707 1069 754 ,—,

138 761 201 826 Sed
224 783 304 845 quae
329 761 366 825 de
391 759 533 843 Solymis
556 761 645 823 venit
667 760 806 842 perustis

50 861 53 868 '
136 850 331 915 Damnatam
354 849 449 913 modo
473 849 651 913 mentulam
674 847 816 911 tributis.

135 1115 235 1178 Astra
257 1113 431 1197 polumque
454 1112 509 1195 pia
532 1111 646 1194 cepisti
669 1116 788 1194 mente,
811 1111 938 1196 Rabiri,

179 1202 388 1266 Parrhasiam
411 1201 495 1264 mira
518 1200 574 1283 qni
597 1200 695 1263 struis
720 1204 788 1263 arte
812 1200 951 1265 domum.

134 1289 289 1355 Phidiaco
315 1290 343 1354 si
366 1289 464 1375 digna
486 1287 557 1352 Iovi
581 1287 656 1351 dare
679 1288 801 1371 templa
822 1289 965 1371 parabit,

179 1377 249 1443 Has
271 1381 361 1462 petet
384 1401 403 1442 u
425 1380 537 1441 nostro
559 1376 637 1440 Pisa
659 1376 804 1440 Tonante
828 1399 950 1441 manus.

542 1534 643 1599 LVII.

137 1640 274 1707 Castora
297 1641 335 1704 de
357 1640 490 1706 Polluce
514 1639 654 1704 Gabinia
675 1639 753 1704 fecit
777 1640 942 1707 Achillan:

181 1728 254 1806 Πὺξ
278 1728 404 1812 ἀγαθὸς
426 1729 547 1811 fuerat,
569 1749 653 1791 nunc
677 1728 738 1791 erit
762 1728 953 1813 ἱππόδαμος.

536 1884 652 1950 LVHI.

136 1994 207 2058 lam
231 2015 287 2057 sex
311 1996 367 2056 aut
391 1996 515 2075 septem
537 1992 691 2076 nupsisti,
714 1991 822 2077 Galla,
845 1994 1000 2079 cinaedis,

179 2081 266 2145 Dum
289 2102 381 2145 coma
404 2083 437 2144 te
460 2081 595 2145 nimium
617 2103 762 2164 pexaque
785 2082 887 2146 barbo
909 2084 1009 2149 iuvat

136 2170 260 2234 Deinde
284 2173 417 2255 experta
440 2171 525 2233 latus
548 2169 740 2254 madidoque
764 2169 930 2235 simillima
952 2173 1024 2238 loro

181 2258 322 2344 Inguina
344 2280 403 2322 nec
425 2258 512 2322 lassa
536 2260 622 2322 stare
646 2261 757 2323 coacta
779 2281 890 2340 manu,

19 2401 23 2410 .
111 2346 267 2412 nDeseris
290 2346 437 2411 imbelles
461 2346 624 2412 thalamos
649 2346 843 2430 mollemque
866 2348 1035 2434 maritum;

180 2436 304 2500 Rursus
328 2439 361 2499 et
383 2436 418 2498 in
441 2434 563 2498 similes
587 2435 706 2499 decidis
729 2457 829 2519 usque
852 2439 950 2500 toros.

138 2525 262 2601 Quaere
277 2523 416 2606 aliquem
431 2521 544 2588 Curios
559 2545 684 2606 semper
697 2521 880 2608 Fabiosque
898 2525 1101 2613 loquentem,

180 2611 352 2676 Hirsutum
375 2615 408 2674 et
431 2610 511 2675 dura
533 2611 717 2676 rusticitate
739 2614 876 2676 trucem:

137 2699 300 2764 Invenies:
324 2697 380 2762 sed
401 2699 501 2763 habet
523 2699 627 2764 tristis
648 2721 774 2784 qnoque
797 2701 894 2765 turba
916 2701 1077 2771 cinaedos.

95 2805 127 2852 10
182 2787 322 2851 Difficile
346 2789 396 2849 est
421 2808 494 2851 vero
517 2788 650 2870 nubere,
674 2787 782 2869 Galla,
806 2789 884 2855 viro.

554 2944 636 3009 LIX

137 3049 214 3115 Non
237 3052 331 3114 cenat
354 3048 422 3113 sine
447 3071 525 3132 apro
548 3055 672 3136 noster,
694 3052 779 3137 tlte,
802 3052 1012 3124 Caecilianus.

181 3135 311 3202 Bellum
334 3137 502 3202 convivam
526 3138 725 3206 Caecilianus
749 3142 856 3208 habet.

561 3297 626 3362 LX.

140 3402 296 3486 Tarpeiae
319 3402 498 3468 venerande
521 3408 627 3468 rector
650 3407 753 3490 aulae,

140 3491 240 3568 Quem
266 3492 354 3557 salvo
379 3492 457 3557 duce
479 3492 637 3558 credimus
660 3493 853 3581 Tonantem,

141 3579 222 3646 Cum
244 3581 330 3645 votis
354 3581 416 3645 sibi
439 3581 573 3666 quisque
595 3587 628 3646 te
650 3582 769 3669 fatiget

138 3668 184 3733 Et
205 3673 318 3753 poscat
340 3669 429 3752 dare,
452 3692 534 3754 quae
558 3670 608 3734 dei
630 3672 782 3756 potestis:

106 3755 192 3819 sNil
210 3779 275 3842 pro
298 3780 350 3823 me
373 3758 467 3843 mihi,
490 3759 650 3846 Iuppiter,
672 3762 797 3846 petenti
