2408 4132
125 458 202 524 Ι244
463 456 500 510 u.
519 456 602 512 vsu.
620 454 819 511 uncrinus

180 618 246 685 Cur
266 619 368 684 frater
389 619 452 682 tibi
475 617 575 699 dicor,
598 640 637 682 ex
660 616 793 682 Hiberis

179 709 226 773 nt
247 707 348 773 Celtis
373 708 503 793 genitus
526 706 669 791 Tagique
693 707 795 771 civis?

154 797 233 861 5An
254 797 345 861 vultu
368 795 488 860 similes
511 794 658 860 videmur
680 795 772 859 esse?

180 884 231 949 'Pu
252 885 335 949 flexa
357 884 478 948 nitidus
502 904 594 948 coma
616 885 763 968 vagaris,

180 972 336 1057 Hispanis
359 993 420 1057 ego
444 974 619 1037 contumax
640 971 781 1056 capillis3

180 1061 275 1126 Levis
299 1061 436 1146 dropace
458 1063 496 1123 tu
518 1058 693 1143 cotidiano,

180 1149 325 1214 Hirsutis
349 1170 409 1234 ego
434 1147 578 1213 cruribus
602 1148 770 1233 genisque3

138 1254 171 1303 ro
181 1236 225 1302 Os
248 1238 395 1302 blaesum
416 1236 479 1300 tibi
503 1236 680 1319 debilisque
704 1237 817 1322 lingua
840 1240 902 1316 est,

180 1325 285 1390 Nobis
307 1326 377 1390 filia
398 1324 515 1390 fortius
538 1325 699 1408 loquetur:

182 1413 262 1478 Tam
286 1414 396 1497 dispar
419 1413 546 1497 aquilae
569 1413 720 1478 columba
741 1435 808 1478 non
830 1417 894 1495 est,

180 1502 249 1568 Neo
273 1503 384 1567 dorcas
407 1502 512 1585 rigido
536 1501 636 1587 fugax
659 1501 755 1566 leoni.

182 1589 286 1666 Quare
309 1589 417 1654 desine
440 1611 492 1655 me
514 1611 629 1655 vocare
652 1589 801 1673 fratrem,

139 1695 171 1743 16
182 1678 231 1744 Ne
253 1683 301 1763 te,
324 1676 552 1759 Charmenion,
574 1699 687 1742 vocem
710 1699 862 1743 sororem.

184 1907 276 1990 Quis,
299 1928 393 1992 rog0,
410 1910 480 1971 tam
499 1807 699 1990 durufftldis
722 1909 791 1970 tam
808 1906 873 1972 fuit
891 1908 947 1974 illc
970 1913 1151 2002 superbus,

227 1994 289 2070 Qui
311 1995 405 2060 iussit
427 1996 498 2059 fieri
519 1998 566 2078 te,
588 1994 808 2079 Theopompo,
832 1998 965 2063 cocum?

182 2083 274 2149 Hanc
298 2085 414 2168 aliquis
437 2083 554 2148 faciem
577 2083 673 2169 nigra
695 2083 817 2148 violare
842 2085 948 2150 culina

228 2171 385 2257 Sustinet,
406 2173 467 2237 has
489 2177 586 2237 uncto
609 2171 728 2255 polluit
750 2172 825 2256 igne
849 2175 979 2240 comas?

156 2261 261 2338 sQuis
283 2263 391 2346 potius
416 2259 551 2345 cyathos
575 2265 632 2325 aut
655 2260 726 2343 quis
750 2262 905 2344 crystalla
927 2264 1076 2331 tenebit?

227 2348 297 2425 Qua
320 2350 446 2434 sapient
469 2350 585 2414 melius
609 2348 711 2413 mixta
732 2346 869 2414 Falerna
892 2352 1012 2418 manu?

183 2438 217 2504 Si
240 2442 309 2502 tam
333 2440 472 2503 sidereos
495 2442 605 2502 manet
629 2437 732 2502 exitus
754 2437 817 2501 iste
840 2437 1022 2526 ministros,

224 2526 372 2610 Iuppiter
394 2529 505 2592 utatur
527 2527 593 2591 iam
617 2524 801 2609 Ganymede
824 2547 908 2592 coco.

575 2665 708 2731 LXVII.

182 2763 326 2847 Pyrrhae
349 2764 430 2847 filia,
452 2761 601 2829 Nestoris
625 2786 775 2848 noverca,

184 2853 289 2928 Quam
312 2851 393 2915 vidit
414 2849 520 2916 Niobe
542 2852 651 2934 puella
673 2873 800 2938 canam,

182 2939 317 3003 Laertes
341 2939 447 3003 aviam
471 2942 566 3003 senex
588 2940 731 3018 vocavit,

184 3026 353 3090 Nutricem
375 3026 537 3110 Priamus,
560 3049 688 3092 socrum
711 3027 882 3115 Thyestes,

158 3115 256 3179 clam
279 3114 458 3179 cornicibus
482 3116 631 3180 omnibus
655 3120 832 3202 superstes,

185 3202 256 3269 Hoc
278 3203 411 3268 tandem
434 3204 498 3268 sita
519 3204 626 3290 prurit
647 3204 683 3268 in
706 3206 854 3291 sepulcro

185 3290 286 3357 Calvo
310 3291 419 3357 Plotia
441 3315 514 3357 oum
536 3292 764 3358 Melanthione.

569 3433 715 3500 LXVHI.

186 3529 266 3595 Cum
284 3531 347 3596 tibi
363 3553 429 3597 non
446 3529 596 3617 Ephesos
614 3555 673 3597 neo
692 3533 736 3596 sit
751 3531 884 3598 Rhodos
903 3537 960 3598 aut
974 3533 1155 3625 Mytilene,

230 3618 293 3684 Sed
317 3620 487 3685 demusin
509 3622 594 3705 vico,
617 3620 744 3703 Laelia,
766 3621 917 3704 patricio,

186 3706 298 3791 Deque
321 3709 475 3774 coloratis
497 3730 663 3793 nunquam
685 3709 746 3773 lita
767 3713 871 3775 mater
957 3712 1059 3799 uocis,

217 3796 334 3864 Durus
355 3795 495 3870 Aricina
519 3799 560 3866 de
581 3798 715 3887 regione
735 3708 1047 3888 patera
