<?xml version="1.0" encoding="UTF-8"?>
<!DOCTYPE html PUBLIC "-//W3C//DTD XHTML 1.0 Transitional//EN"
    "http://www.w3.org/TR/xhtml1/DTD/xhtml1-transitional.dtd">
<html xmlns="http://www.w3.org/1999/xhtml" xml:lang="en" lang="en">
 <head>
  <title>
</title>
<meta http-equiv="Content-Type" content="text/html;charset=utf-8" />
  <meta name='ocr-system' content='tesseract 3.04.00' />
  <meta name='ocr-capabilities' content='ocr_page ocr_carea ocr_par ocr_line ocrx_word'/>
</head>
<body>
  <div class='ocr_page' id='page_1' title='image "./mvaleriimartial00gilbgoog/mvaleriimartial00gilbgoog_0222.png"; bbox 0 0 2408 4132; ppageno 0'>
   <div class='ocr_carea' id='block_1_1' title="bbox 340 768 810 843">
    <p class='ocr_par' dir='ltr' id='par_1_1' title="bbox 340 768 810 843">
     <span class='ocr_line' id='line_1_1' title="bbox 340 768 810 843; baseline 0.006 -3"><span class='ocrx_word' id='word_1_1' title='bbox 340 769 386 842; x_wconf 90' lang='lat' dir='ltr'><em>M.</em></span> <span class='ocrx_word' id='word_1_2' title='bbox 415 768 520 843; x_wconf 84' lang='lat' dir='ltr'><strong>VAL.</strong></span> <span class='ocrx_word' id='word_1_3' title='bbox 548 769 810 843; x_wconf 81' lang='lat' dir='ltr'><strong>MARTIALIS</strong></span> 
     </span>
    </p>
   </div>
   <div class='ocr_carea' id='block_1_2' title="bbox 269 942 982 1215">
    <p class='ocr_par' dir='ltr' id='par_1_2' title="bbox 269 942 982 1215">
     <span class='ocr_line' id='line_1_2' title="bbox 269 942 982 1043; baseline 0.007 -4"><span class='ocrx_word' id='word_1_4' title='bbox 269 942 872 1043; x_wconf 82' lang='lat' dir='ltr'><strong>EPIGRAMMATON</strong></span> <span class='ocrx_word' id='word_1_5' title='bbox 979 1023 982 1030; x_wconf 88' lang='lat'>.</span> 
     </span>
     <span class='ocr_line' id='line_1_3' title="bbox 448 1134 694 1215; baseline 0.016 -17"><span class='ocrx_word' id='word_1_6' title='bbox 448 1134 582 1200; x_wconf 72' lang='lat' dir='ltr'><em>arnna</em></span> <span class='ocrx_word' id='word_1_7' title='bbox 603 1135 694 1215; x_wconf 79' lang='lat' dir='ltr'><em>vlu.</em></span> 
     </span>
    </p>
   </div>
   <div class='ocr_carea' id='block_1_3' title="bbox 114 1311 1030 1468">
    <p class='ocr_par' dir='ltr' id='par_1_3' title="bbox 114 1311 1030 1468">
     <span class='ocr_line' id='line_1_4' title="bbox 114 1311 1030 1396; baseline 0.004 -21"><span class='ocrx_word' id='word_1_8' title='bbox 114 1311 302 1396; x_wconf 76' lang='lat' dir='ltr'><em>Imperatori</em></span> <span class='ocrx_word' id='word_1_9' title='bbox 323 1311 507 1378; x_wconf 80' lang='lat' dir='ltr'><em>Domitiano</em></span> <span class='ocrx_word' id='word_1_10' title='bbox 530 1311 660 1379; x_wconf 75' lang='lat' dir='ltr'><strong><em>Caesari</em></strong></span> <span class='ocrx_word' id='word_1_11' title='bbox 681 1314 822 1396; x_wconf 75' lang='lat' dir='ltr'><em>Aaoasto</em></span> <span class='ocrx_word' id='word_1_12' title='bbox 846 1312 1030 1379; x_wconf 77' lang='lat' dir='ltr'><em>Germanico</em></span> 
     </span>
     <span class='ocr_line' id='line_1_5' title="bbox 310 1399 835 1468; baseline 0.002 -2"><span class='ocrx_word' id='word_1_13' title='bbox 310 1399 426 1467; x_wconf 84' lang='lat' dir='ltr'><em>Dacico</em></span> <span class='ocrx_word' id='word_1_14' title='bbox 454 1402 596 1468; x_wconf 86' lang='lat' dir='ltr'><em>Valeriae</em></span> <span class='ocrx_word' id='word_1_15' title='bbox 617 1402 782 1467; x_wconf 77' lang='lat' dir='ltr'><em>Martialis</em></span> <span class='ocrx_word' id='word_1_16' title='bbox 803 1402 835 1467; x_wconf 76' lang='lat' dir='ltr'><em>S.</em></span> 
     </span>
    </p>
   </div>
   <div class='ocr_carea' id='block_1_4' title="bbox 137 1531 1073 1663">
    <p class='ocr_par' dir='ltr' id='par_1_4' title="bbox 137 1531 1073 1663">
     <span class='ocr_line' id='line_1_6' title="bbox 137 1531 1073 1663; baseline 0.001 -22"><span class='ocrx_word' id='word_1_17' title='bbox 137 1577 256 1643; x_wconf 69' lang='lat' dir='ltr'><em>omnes</em></span> <span class='ocrx_word' id='word_1_18' title='bbox 280 1578 408 1663; x_wconf 73' lang='lat' dir='ltr'><em>quaem</em></span> <span class='ocrx_word' id='word_1_19' title='bbox 436 1579 540 1643; x_wconf 76' lang='lat' dir='ltr'><em>aban</em></span> <span class='ocrx_word' id='word_1_20' title='bbox 563 1578 639 1655; x_wconf 73' lang='lat' dir='ltr'><em>mei,</em></span> <span class='ocrx_word' id='word_1_21' title='bbox 662 1571 803 1660; x_wconf 69' lang='lat' dir='ltr'><em>domne,</em></span> <span class='ocrx_word' id='word_1_22' title='bbox 827 1531 942 1662; x_wconf 66' lang='lat' dir='ltr'><em>aaa</em></span> <span class='ocrx_word' id='word_1_23' title='bbox 970 1583 1007 1644; x_wconf 79' lang='lat' dir='ltr'><em>tu</em></span> <span class='ocrx_word' id='word_1_24' title='bbox 1028 1579 1073 1643; x_wconf 74' lang='lat' dir='ltr'><em>fa-</em></span> 
     </span>
    </p>
   </div>
   <div class='ocr_carea' id='block_1_5' title="bbox 24 1666 1074 3164">
    <p class='ocr_par' dir='ltr' id='par_1_5' title="bbox 69 1666 1074 1928">
     <span class='ocr_line' id='line_1_7' title="bbox 70 1666 1073 1753; baseline 0.003 -24"><span class='ocrx_word' id='word_1_25' title='bbox 70 1688 172 1744; x_wconf 88' lang='lat' dir='ltr'><em>mam,</em></span> <span class='ocrx_word' id='word_1_26' title='bbox 193 1667 226 1731; x_wconf 89' lang='lat' dir='ltr'><em>id</em></span> <span class='ocrx_word' id='word_1_27' title='bbox 250 1671 301 1730; x_wconf 89' lang='lat' dir='ltr'><em>est</em></span> <span class='ocrx_word' id='word_1_28' title='bbox 318 1666 437 1750; x_wconf 85' lang='lat' dir='ltr'><em>vitam,</em></span> <span class='ocrx_word' id='word_1_29' title='bbox 460 1667 590 1751; x_wconf 83' lang='lat' dir='ltr'><em>dedisti,</em></span> <span class='ocrx_word' id='word_1_30' title='bbox 612 1667 675 1730; x_wconf 89' lang='lat' dir='ltr'><em>tibi</em></span> <span class='ocrx_word' id='word_1_31' title='bbox 698 1667 895 1753; x_wconf 79' lang='lat' dir='ltr'><em>supplicant3</em></span> <span class='ocrx_word' id='word_1_32' title='bbox 919 1673 964 1750; x_wconf 88' lang='lat' dir='ltr'><em>et,</em></span> <span class='ocrx_word' id='word_1_33' title='bbox 985 1673 1073 1753; x_wconf 87' lang='lat' dir='ltr'><em>putc,</em></span> 
     </span>
     <span class='ocr_line' id='line_1_8' title="bbox 69 1755 1074 1840; baseline 0.002 -22"><span class='ocrx_word' id='word_1_34' title='bbox 69 1759 204 1839; x_wconf 88' lang='lat' dir='ltr'><em>propter</em></span> <span class='ocrx_word' id='word_1_35' title='bbox 217 1756 280 1820; x_wconf 89' lang='lat' dir='ltr'><em>hoc</em></span> <span class='ocrx_word' id='word_1_36' title='bbox 293 1755 452 1840; x_wconf 83' lang='lat' dir='ltr'><em>legentur.</em></span> <span class='ocrx_word' id='word_1_37' title='bbox 470 1755 532 1820; x_wconf 90' lang='lat' dir='ltr'><em>Hic</em></span> <span class='ocrx_word' id='word_1_38' title='bbox 546 1759 664 1837; x_wconf 83' lang='lat' dir='ltr'><em>tamen,</em></span> <span class='ocrx_word' id='word_1_39' title='bbox 680 1756 735 1839; x_wconf 87' lang='lat' dir='ltr'><em>qui</em></span> <span class='ocrx_word' id='word_1_40' title='bbox 749 1756 853 1840; x_wconf 85' lang='lat' dir='ltr'><em>operis</em></span> <span class='ocrx_word' id='word_1_41' title='bbox 869 1756 975 1820; x_wconf 78' lang='lat' dir='ltr'><em>nostri</em></span> <span class='ocrx_word' id='word_1_42' title='bbox 989 1760 1074 1821; x_wconf 87' lang='lat' dir='ltr'><em>octa·</em></span> 
     </span>
     <span class='ocr_line' id='line_1_9' title="bbox 69 1843 1073 1928; baseline 0.001 -22"><span class='ocrx_word' id='word_1_43' title='bbox 69 1865 129 1907; x_wconf 89' lang='lat' dir='ltr'><em>vus</em></span> <span class='ocrx_word' id='word_1_44' title='bbox 152 1843 354 1927; x_wconf 80' lang='lat' dir='ltr'><em>inscribitur,</em></span> <span class='ocrx_word' id='word_1_45' title='bbox 377 1844 543 1909; x_wconf 83' lang='lat' dir='ltr'><em>occasione</em></span> <span class='ocrx_word' id='word_1_46' title='bbox 565 1845 698 1928; x_wconf 84' lang='lat' dir='ltr'><em>pietatis</em></span> <span class='ocrx_word' id='word_1_47' title='bbox 720 1843 920 1928; x_wconf 87' lang='lat' dir='ltr'><em>frequentius</em></span> <span class='ocrx_word' id='word_1_48' title='bbox 945 1845 1073 1908; x_wconf 84' lang='lat' dir='ltr'><em>fruitur.</em></span> 
     </span>
    </p>

    <p class='ocr_par' dir='ltr' id='par_1_6' title="bbox 44 1931 1073 2368">
     <span class='ocr_line' id='line_1_10' title="bbox 44 1931 1073 2016; baseline 0.003 -23"><span class='ocrx_word' id='word_1_49' title='bbox 44 1931 179 1996; x_wconf 86' lang='lat' dir='ltr'><em>5Minus</em></span> <span class='ocrx_word' id='word_1_50' title='bbox 196 1934 306 2015; x_wconf 89' lang='lat' dir='ltr'><em>itaque</em></span> <span class='ocrx_word' id='word_1_51' title='bbox 324 1932 453 2016; x_wconf 83' lang='lat' dir='ltr'><em>ingenio</em></span> <span class='ocrx_word' id='word_1_52' title='bbox 476 1931 689 1996; x_wconf 85' lang='lat' dir='ltr'><em>laborandum</em></span> <span class='ocrx_word' id='word_1_53' title='bbox 711 1931 788 2012; x_wconf 86' lang='lat' dir='ltr'><em>fuit,</em></span> <span class='ocrx_word' id='word_1_54' title='bbox 805 1932 841 1995; x_wconf 91' lang='lat' dir='ltr'><em>in</em></span> <span class='ocrx_word' id='word_1_55' title='bbox 859 1933 948 1996; x_wconf 89' lang='lat' dir='ltr'><em>cuius</em></span> <span class='ocrx_word' id='word_1_56' title='bbox 967 1933 1073 1996; x_wconf 89' lang='lat' dir='ltr'><em>locum</em></span> 
     </span>
     <span class='ocr_line' id='line_1_11' title="bbox 70 2019 1071 2104; baseline 0 -21"><span class='ocrx_word' id='word_1_57' title='bbox 70 2019 208 2084; x_wconf 87' lang='lat' dir='ltr'><em>materia</em></span> <span class='ocrx_word' id='word_1_58' title='bbox 226 2025 436 2085; x_wconf 81' lang='lat' dir='ltr'><em>successerat:</em></span> <span class='ocrx_word' id='word_1_59' title='bbox 457 2042 553 2103; x_wconf 88' lang='lat' dir='ltr'><em>quam</em></span> <span class='ocrx_word' id='word_1_60' title='bbox 572 2019 701 2104; x_wconf 89' lang='lat' dir='ltr'><em>quidem</em></span> <span class='ocrx_word' id='word_1_61' title='bbox 715 2020 849 2085; x_wconf 91' lang='lat' dir='ltr'><em>subinde</em></span> <span class='ocrx_word' id='word_1_62' title='bbox 864 2020 973 2103; x_wconf 89' lang='lat' dir='ltr'><em>aliqua</em></span> <span class='ocrx_word' id='word_1_63' title='bbox 986 2021 1071 2084; x_wconf 91' lang='lat' dir='ltr'><em>ioco-</em></span> 
     </span>
     <span class='ocr_line' id='line_1_12' title="bbox 69 2105 1073 2192; baseline 0.002 -22"><span class='ocrx_word' id='word_1_64' title='bbox 69 2130 142 2172; x_wconf 88' lang='lat' dir='ltr'><em>rum</em></span> <span class='ocrx_word' id='word_1_65' title='bbox 154 2109 299 2173; x_wconf 51' lang='lat' dir='ltr'><em>¹mixtura</em></span> <span class='ocrx_word' id='word_1_66' title='bbox 317 2105 443 2174; x_wconf 86' lang='lat' dir='ltr'><em>variare</em></span> <span class='ocrx_word' id='word_1_67' title='bbox 461 2108 692 2192; x_wconf 86' lang='lat' dir='ltr'><em>temptavimus</em></span> <span class='ocrx_word' id='word_1_68' title='bbox 698 2157 706 2190; x_wconf 86' lang='lat'><em>,</em></span> <span class='ocrx_word' id='word_1_69' title='bbox 719 2129 760 2170; x_wconf 91' lang='lat' dir='ltr'><em>ne</em></span> <span class='ocrx_word' id='word_1_70' title='bbox 779 2108 911 2171; x_wconf 86' lang='lat' dir='ltr'><em>caelesti</em></span> <span class='ocrx_word' id='word_1_71' title='bbox 925 2129 1073 2172; x_wconf 80' lang='lat' dir='ltr'><em>verecun-</em></span> 
     </span>
     <span class='ocr_line' id='line_1_13' title="bbox 69 2195 1072 2280; baseline 0 -21"><span class='ocrx_word' id='word_1_72' title='bbox 69 2197 140 2260; x_wconf 86' lang='lat' dir='ltr'><em>diae</em></span> <span class='ocrx_word' id='word_1_73' title='bbox 158 2200 233 2261; x_wconf 89' lang='lat' dir='ltr'><em>tuae</em></span> <span class='ocrx_word' id='word_1_74' title='bbox 252 2197 363 2262; x_wconf 89' lang='lat' dir='ltr'><em>laudes</em></span> <span class='ocrx_word' id='word_1_75' title='bbox 382 2218 470 2280; x_wconf 78' lang='lat' dir='ltr'><em>suas,</em></span> <span class='ocrx_word' id='word_1_76' title='bbox 489 2218 576 2279; x_wconf 45' lang='lat' dir='ltr'><em>quae*</em></span> <span class='ocrx_word' id='word_1_77' title='bbox 588 2195 716 2260; x_wconf 84' lang='lat' dir='ltr'><em>facilius</em></span> <span class='ocrx_word' id='word_1_78' title='bbox 731 2200 763 2259; x_wconf 91' lang='lat' dir='ltr'><em>te</em></span> <span class='ocrx_word' id='word_1_79' title='bbox 781 2195 922 2280; x_wconf 86' lang='lat' dir='ltr'><em>fatigare</em></span> <span class='ocrx_word' id='word_1_80' title='bbox 936 2196 1072 2277; x_wconf 84' lang='lat' dir='ltr'><em>possint,</em></span> 
     </span>
     <span class='ocr_line' id='line_1_14' title="bbox 70 2282 1072 2368; baseline -0.001 -19"><span class='ocrx_word' id='word_1_81' title='bbox 70 2307 166 2367; x_wconf 88' lang='lat' dir='ltr'><em>quam</em></span> <span class='ocrx_word' id='word_1_82' title='bbox 193 2306 252 2350; x_wconf 88' lang='lat' dir='ltr'><em>nos</em></span> <span class='ocrx_word' id='word_1_83' title='bbox 281 2285 414 2368; x_wconf 86' lang='lat' dir='ltr'><em>satiare,</em></span> <span class='ocrx_word' id='word_1_84' title='bbox 442 2285 545 2349; x_wconf 89' lang='lat' dir='ltr'><em>omnis</em></span> <span class='ocrx_word' id='word_1_85' title='bbox 573 2306 685 2348; x_wconf 84' lang='lat' dir='ltr'><em>versus</em></span> <span class='ocrx_word' id='word_1_86' title='bbox 712 2283 883 2366; x_wconf 86' lang='lat' dir='ltr'><em>ingereret.</em></span> <span class='ocrx_word' id='word_1_87' title='bbox 919 2282 1072 2358; x_wconf 85' lang='lat' dir='ltr'><em>Quamvis</em></span> 
     </span>
    </p>

    <p class='ocr_par' dir='ltr' id='par_1_7' title="bbox 26 2372 1073 2792">
     <span class='ocr_line' id='line_1_15' title="bbox 26 2372 1072 2459; baseline 0 -23"><span class='ocrx_word' id='word_1_88' title='bbox 26 2388 58 2436; x_wconf 94' lang='lat'><em>10</em></span> <span class='ocrx_word' id='word_1_89' title='bbox 70 2377 179 2437; x_wconf 86' lang='lat' dir='ltr'><em>autem</em></span> <span class='ocrx_word' id='word_1_90' title='bbox 202 2373 436 2459; x_wconf 81' lang='lat' dir='ltr'><em>epigrammata</em></span> <span class='ocrx_word' id='word_1_91' title='bbox 456 2396 475 2438; x_wconf 94' lang='lat' dir='ltr'><em>a</em></span> <span class='ocrx_word' id='word_1_92' title='bbox 493 2372 707 2438; x_wconf 86' lang='lat' dir='ltr'><em>severissimis</em></span> <span class='ocrx_word' id='word_1_93' title='bbox 731 2393 857 2455; x_wconf 90' lang='lat' dir='ltr'><em>quoque</em></span> <span class='ocrx_word' id='word_1_94' title='bbox 876 2375 909 2436; x_wconf 91' lang='lat' dir='ltr'><em>et</em></span> <span class='ocrx_word' id='word_1_95' title='bbox 928 2394 1072 2436; x_wconf 89' lang='lat' dir='ltr'><em>summae</em></span> 
     </span>
     <span class='ocr_line' id='line_1_16' title="bbox 67 2459 1072 2545; baseline -0.002 -20"><span class='ocrx_word' id='word_1_96' title='bbox 67 2462 217 2525; x_wconf 86' lang='lat' dir='ltr'><em>fortunae</em></span> <span class='ocrx_word' id='word_1_97' title='bbox 240 2462 319 2526; x_wconf 83' lang='lat' dir='ltr'><em>viria</em></span> <span class='ocrx_word' id='word_1_98' title='bbox 342 2463 390 2526; x_wconf 89' lang='lat' dir='ltr'><em>ita</em></span> <span class='ocrx_word' id='word_1_99' title='bbox 413 2461 535 2545; x_wconf 88' lang='lat' dir='ltr'><em>scripta</em></span> <span class='ocrx_word' id='word_1_100' title='bbox 558 2462 636 2544; x_wconf 85' lang='lat' dir='ltr'><em>sint,</em></span> <span class='ocrx_word' id='word_1_101' title='bbox 658 2464 696 2525; x_wconf 88' lang='lat' dir='ltr'><em>ut</em></span> <span class='ocrx_word' id='word_1_102' title='bbox 717 2459 880 2525; x_wconf 87' lang='lat' dir='ltr'><em>mimicam</em></span> <span class='ocrx_word' id='word_1_103' title='bbox 900 2461 1072 2525; x_wconf 83' lang='lat' dir='ltr'><em>verborum</em></span> 
     </span>
     <span class='ocr_line' id='line_1_17' title="bbox 67 2548 1071 2634; baseline -0.001 -22"><span class='ocrx_word' id='word_1_104' title='bbox 67 2550 232 2614; x_wconf 85' lang='lat' dir='ltr'><em>licentiam</em></span> <span class='ocrx_word' id='word_1_105' title='bbox 252 2551 419 2615; x_wconf 85' lang='lat' dir='ltr'><em>affectasse</em></span> <span class='ocrx_word' id='word_1_106' title='bbox 438 2550 620 2634; x_wconf 88' lang='lat' dir='ltr'><em>videantur,</em></span> <span class='ocrx_word' id='word_1_107' title='bbox 633 2569 693 2631; x_wconf 88' lang='lat' dir='ltr'><em>ego</em></span> <span class='ocrx_word' id='word_1_108' title='bbox 713 2551 823 2613; x_wconf 88' lang='lat' dir='ltr'><em>tamen</em></span> <span class='ocrx_word' id='word_1_109' title='bbox 837 2548 903 2612; x_wconf 90' lang='lat' dir='ltr'><em>illis</em></span> <span class='ocrx_word' id='word_1_110' title='bbox 921 2570 988 2613; x_wconf 93' lang='lat' dir='ltr'><em>non</em></span> <span class='ocrx_word' id='word_1_111' title='bbox 1001 2571 1071 2632; x_wconf 89' lang='lat' dir='ltr'><em>per-</em></span> 
     </span>
     <span class='ocr_line' id='line_1_18' title="bbox 67 2635 1073 2722; baseline 0.001 -22"><span class='ocrx_word' id='word_1_112' title='bbox 67 2639 143 2701; x_wconf 86' lang='lat' dir='ltr'><em>misi</em></span> <span class='ocrx_word' id='word_1_113' title='bbox 161 2642 230 2703; x_wconf 88' lang='lat' dir='ltr'><em>tam</em></span> <span class='ocrx_word' id='word_1_114' title='bbox 249 2639 369 2703; x_wconf 89' lang='lat' dir='ltr'><em>lascive</em></span> <span class='ocrx_word' id='word_1_115' title='bbox 388 2638 479 2722; x_wconf 92' lang='lat' dir='ltr'><em>loqui</em></span> <span class='ocrx_word' id='word_1_116' title='bbox 497 2660 601 2722; x_wconf 46' lang='lat' dir='ltr'><em>quam*</em></span> <span class='ocrx_word' id='word_1_117' title='bbox 613 2639 728 2702; x_wconf 82' lang='lat' dir='ltr'><em>solent.</em></span> <span class='ocrx_word' id='word_1_118' title='bbox 752 2635 832 2701; x_wconf 84' lang='lat' dir='ltr'><em>Cum</em></span> <span class='ocrx_word' id='word_1_119' title='bbox 850 2659 926 2721; x_wconf 87' lang='lat' dir='ltr'><em>pars</em></span> <span class='ocrx_word' id='word_1_120' title='bbox 945 2637 1022 2701; x_wconf 89' lang='lat' dir='ltr'><em>libri</em></span> <span class='ocrx_word' id='word_1_121' title='bbox 1040 2641 1073 2701; x_wconf 87' lang='lat' dir='ltr'><em>et</em></span> 
     </span>
     <span class='ocr_line' id='line_1_19' title="bbox 68 2726 1071 2792; baseline -0.001 -3"><span class='ocrx_word' id='word_1_122' title='bbox 68 2726 172 2790; x_wconf 90' lang='lat' dir='ltr'><em>maior</em></span> <span class='ocrx_word' id='word_1_123' title='bbox 196 2730 229 2790; x_wconf 87' lang='lat' dir='ltr'><em>et</em></span> <span class='ocrx_word' id='word_1_124' title='bbox 252 2727 366 2791; x_wconf 88' lang='lat' dir='ltr'><em>melior</em></span> <span class='ocrx_word' id='word_1_125' title='bbox 389 2727 429 2791; x_wconf 89' lang='lat' dir='ltr'><em>ad</em></span> <span class='ocrx_word' id='word_1_126' title='bbox 452 2727 656 2791; x_wconf 87' lang='lat' dir='ltr'><em>maiestatem</em></span> <span class='ocrx_word' id='word_1_127' title='bbox 675 2726 759 2791; x_wconf 89' lang='lat' dir='ltr'><em>sacri</em></span> <span class='ocrx_word' id='word_1_128' title='bbox 776 2726 916 2792; x_wconf 89' lang='lat' dir='ltr'><em>nominis</em></span> <span class='ocrx_word' id='word_1_129' title='bbox 935 2726 984 2789; x_wconf 90' lang='lat' dir='ltr'><em>tui</em></span> <span class='ocrx_word' id='word_1_130' title='bbox 1003 2726 1071 2789; x_wconf 90' lang='lat' dir='ltr'><em>alli-</em></span> 
     </span>
    </p>

    <p class='ocr_par' dir='ltr' id='par_1_8' title="bbox 24 2814 1072 3164">
     <span class='ocr_line' id='line_1_20' title="bbox 24 2814 1072 2901; baseline -0.001 -24"><span class='ocrx_word' id='word_1_131' title='bbox 24 2830 55 2878; x_wconf 85' lang='lat'><em>15</em></span> <span class='ocrx_word' id='word_1_132' title='bbox 67 2817 147 2899; x_wconf 88' lang='lat' dir='ltr'><em>gata</em></span> <span class='ocrx_word' id='word_1_133' title='bbox 179 2815 235 2899; x_wconf 79' lang='lat' dir='ltr'><em>sit,</em></span> <span class='ocrx_word' id='word_1_134' title='bbox 262 2815 445 2901; x_wconf 86' lang='lat' dir='ltr'><em>meminerit</em></span> <span class='ocrx_word' id='word_1_135' title='bbox 474 2837 541 2879; x_wconf 91' lang='lat' dir='ltr'><em>non</em></span> <span class='ocrx_word' id='word_1_136' title='bbox 569 2814 633 2879; x_wconf 88' lang='lat' dir='ltr'><em>nisi</em></span> <span class='ocrx_word' id='word_1_137' title='bbox 662 2814 817 2899; x_wconf 82' lang='lat' dir='ltr'><em>religiosa</em></span> <span class='ocrx_word' id='word_1_138' title='bbox 847 2815 1072 2898; x_wconf 84' lang='lat' dir='ltr'><em>purificatione</em></span> 
     </span>
     <span class='ocr_line' id='line_1_21' title="bbox 67 2902 1071 2988; baseline -0.001 -22"><span class='ocrx_word' id='word_1_139' title='bbox 67 2904 225 2968; x_wconf 86' lang='lat' dir='ltr'><em>lustratos</em></span> <span class='ocrx_word' id='word_1_140' title='bbox 249 2904 398 2968; x_wconf 87' lang='lat' dir='ltr'><em>accedere</em></span> <span class='ocrx_word' id='word_1_141' title='bbox 421 2903 461 2969; x_wconf 86' lang='lat' dir='ltr'><em>ad</em></span> <span class='ocrx_word' id='word_1_142' title='bbox 483 2904 608 2988; x_wconf 87' lang='lat' dir='ltr'><em>templa</em></span> <span class='ocrx_word' id='word_1_143' title='bbox 631 2903 754 2967; x_wconf 88' lang='lat' dir='ltr'><em>debere.</em></span> <span class='ocrx_word' id='word_1_144' title='bbox 791 2902 883 2977; x_wconf 81' lang='lat' dir='ltr'><em>Quod</em></span> <span class='ocrx_word' id='word_1_145' title='bbox 906 2905 942 2966; x_wconf 92' lang='lat' dir='ltr'><em>ut</em></span> <span class='ocrx_word' id='word_1_146' title='bbox 966 2905 1071 2966; x_wconf 84' lang='lat' dir='ltr'><em>custo·</em></span> 
     </span>
     <span class='ocr_line' id='line_1_22' title="bbox 66 2990 1072 3075; baseline -0.001 -21"><span class='ocrx_word' id='word_1_147' title='bbox 66 2993 209 3055; x_wconf 86' lang='lat' dir='ltr'><em>diturum</em></span> <span class='ocrx_word' id='word_1_148' title='bbox 233 3014 284 3075; x_wconf 77' lang='lat' dir='ltr'><em>nie</em></span> <span class='ocrx_word' id='word_1_149' title='bbox 307 2991 423 3056; x_wconf 89' lang='lat' dir='ltr'><em>lecturi</em></span> <span class='ocrx_word' id='word_1_150' title='bbox 446 2992 563 3075; x_wconf 84' lang='lat' dir='ltr'><em>sciant,</em></span> <span class='ocrx_word' id='word_1_151' title='bbox 581 2991 704 3074; x_wconf 90' lang='lat' dir='ltr'><em>inipso</em></span> <span class='ocrx_word' id='word_1_152' title='bbox 724 2991 827 3054; x_wconf 87' lang='lat' dir='ltr'><em>libelli</em></span> <span class='ocrx_word' id='word_1_153' title='bbox 844 2990 940 3054; x_wconf 87' lang='lat' dir='ltr'><em>huius</em></span> <span class='ocrx_word' id='word_1_154' title='bbox 960 2991 1072 3054; x_wconf 88' lang='lat' dir='ltr'><em>limine</em></span> 
     </span>
     <span class='ocr_line' id='line_1_23' title="bbox 65 3079 834 3164; baseline 0 -22"><span class='ocrx_word' id='word_1_155' title='bbox 65 3080 212 3164; x_wconf 89' lang='lat' dir='ltr'><em>profiteri</em></span> <span class='ocrx_word' id='word_1_156' title='bbox 235 3081 426 3145; x_wconf 88' lang='lat' dir='ltr'><em>brevissimo</em></span> <span class='ocrx_word' id='word_1_157' title='bbox 448 3081 571 3164; x_wconf 85' lang='lat' dir='ltr'><em>placuit</em></span> <span class='ocrx_word' id='word_1_158' title='bbox 595 3079 834 3164; x_wconf 81' lang='lat' dir='ltr'><em>epigrammate.</em></span> 
     </span>
    </p>
   </div>
   <div class='ocr_carea' id='block_1_6' title="bbox 555 3238 581 3303">
    <p class='ocr_par' dir='ltr' id='par_1_9' title="bbox 555 3238 581 3303">
     <span class='ocr_line' id='line_1_24' title="bbox 555 3238 581 3303; baseline 0.038 -1"><span class='ocrx_word' id='word_1_159' title='bbox 555 3238 581 3303; x_wconf 93' lang='grc' dir='ltr'><em>Ι.</em></span> 
     </span>
    </p>
   </div>
   <div class='ocr_carea' id='block_1_7' title="bbox 108 3343 994 3695">
    <p class='ocr_par' dir='ltr' id='par_1_10' title="bbox 109 3343 920 3515">
     <span class='ocr_line' id='line_1_25' title="bbox 109 3343 920 3430; baseline -0.004 -22"><span class='ocrx_word' id='word_1_160' title='bbox 109 3343 304 3430; x_wconf 80' lang='lat' dir='ltr'><em>Laurigeros</em></span> <span class='ocrx_word' id='word_1_161' title='bbox 329 3344 463 3428; x_wconf 87' lang='lat' dir='ltr'><em>domini,</em></span> <span class='ocrx_word' id='word_1_162' title='bbox 486 3344 582 3426; x_wconf 86' lang='lat' dir='ltr'><em>liber,</em></span> <span class='ocrx_word' id='word_1_163' title='bbox 605 3345 764 3407; x_wconf 85' lang='lat' dir='ltr'><em>intrature</em></span> <span class='ocrx_word' id='word_1_164' title='bbox 787 3345 920 3426; x_wconf 86' lang='lat' dir='ltr'><em>penates</em></span> 
     </span>
     <span class='ocr_line' id='line_1_26' title="bbox 154 3432 819 3515; baseline -0.008 -17"><span class='ocrx_word' id='word_1_165' title='bbox 154 3434 251 3498; x_wconf 90' lang='lat' dir='ltr'><em>Disce</em></span> <span class='ocrx_word' id='word_1_166' title='bbox 275 3434 453 3498; x_wconf 86' lang='lat' dir='ltr'><em>verecundo</em></span> <span class='ocrx_word' id='word_1_167' title='bbox 478 3432 620 3497; x_wconf 86' lang='lat' dir='ltr'><em>sanctius</em></span> <span class='ocrx_word' id='word_1_168' title='bbox 644 3453 698 3495; x_wconf 91' lang='lat' dir='ltr'><em>ore</em></span> <span class='ocrx_word' id='word_1_169' title='bbox 721 3432 819 3515; x_wconf 90' lang='lat' dir='ltr'><em>loqui.</em></span> 
     </span>
    </p>

    <p class='ocr_par' dir='ltr' id='par_1_11' title="bbox 108 3517 994 3695">
     <span class='ocr_line' id='line_1_27' title="bbox 108 3517 994 3602; baseline -0.008 -15"><span class='ocrx_word' id='word_1_170' title='bbox 108 3521 206 3587; x_wconf 89' lang='lat' dir='ltr'><em>Nuda</em></span> <span class='ocrx_word' id='word_1_171' title='bbox 229 3523 339 3587; x_wconf 84' lang='lat' dir='ltr'><em>recede</em></span> <span class='ocrx_word' id='word_1_172' title='bbox 361 3521 486 3602; x_wconf 88' lang='lat' dir='ltr'><em>Venus;</em></span> <span class='ocrx_word' id='word_1_173' title='bbox 508 3542 575 3584; x_wconf 91' lang='lat' dir='ltr'><em>non</em></span> <span class='ocrx_word' id='word_1_174' title='bbox 597 3524 647 3584; x_wconf 86' lang='lat' dir='ltr'><em>est</em></span> <span class='ocrx_word' id='word_1_175' title='bbox 668 3525 743 3584; x_wconf 91' lang='lat' dir='ltr'><em>tuus</em></span> <span class='ocrx_word' id='word_1_176' title='bbox 767 3520 829 3582; x_wconf 86' lang='lat' dir='ltr'><em>iste</em></span> <span class='ocrx_word' id='word_1_177' title='bbox 852 3517 994 3582; x_wconf 88' lang='lat' dir='ltr'><em>libellus:</em></span> 
     </span>
     <span class='ocr_line' id='line_1_28' title="bbox 154 3607 859 3695; baseline -0.009 -20"><span class='ocrx_word' id='word_1_178' title='bbox 154 3611 203 3675; x_wconf 82' lang='lat' dir='ltr'><em>&#39;Pu</em></span> <span class='ocrx_word' id='word_1_179' title='bbox 226 3611 320 3694; x_wconf 81' lang='lat' dir='ltr'><em>mihi,</em></span> <span class='ocrx_word' id='word_1_180' title='bbox 343 3614 380 3676; x_wconf 87' lang='lat' dir='ltr'><em>tu</em></span> <span class='ocrx_word' id='word_1_181' title='bbox 403 3609 513 3675; x_wconf 89' lang='lat' dir='ltr'><em>Pallas</em></span> <span class='ocrx_word' id='word_1_182' title='bbox 538 3607 752 3695; x_wconf 79' lang='lat' dir='ltr'><em>Caesariana,</em></span> <span class='ocrx_word' id='word_1_183' title='bbox 769 3608 859 3673; x_wconf 67' lang='lat' dir='ltr'><em>reni.</em></span> 
     </span>
    </p>
   </div>
   <div class='ocr_carea' id='block_1_8' title="bbox 0 0 1208 4132">
    <p class='ocr_par' dir='ltr' id='par_1_12' title="bbox 0 0 1208 4132">
     <span class='ocr_line' id='line_1_29' title="bbox 0 0 1208 4132; baseline 0 0"><span class='ocrx_word' id='word_1_184' title='bbox 0 0 1208 4132; x_wconf 95' lang='lat' dir='ltr'><em> </em></span> 
     </span>
    </p>
   </div>
  </div>
 </body>
</html>
