<?xml version="1.0" encoding="UTF-8"?>
<!DOCTYPE html PUBLIC "-//W3C//DTD XHTML 1.0 Transitional//EN"
    "http://www.w3.org/TR/xhtml1/DTD/xhtml1-transitional.dtd">
<html xmlns="http://www.w3.org/1999/xhtml" xml:lang="en" lang="en">
 <head>
  <title>
</title>
<meta http-equiv="Content-Type" content="text/html;charset=utf-8" />
  <meta name='ocr-system' content='tesseract 3.04.00' />
  <meta name='ocr-capabilities' content='ocr_page ocr_carea ocr_par ocr_line ocrx_word'/>
</head>
<body>
  <div class='ocr_page' id='page_1' title='image "./mvaleriimartial00gilbgoog/mvaleriimartial00gilbgoog_0071.png"; bbox 0 0 2408 4132; ppageno 0'>
   <div class='ocr_carea' id='block_1_1' title="bbox 73 462 812 526">
    <p class='ocr_par' dir='ltr' id='par_1_1' title="bbox 73 462 812 526">
     <span class='ocr_line' id='line_1_1' title="bbox 73 462 812 526; baseline 0 -8"><span class='ocrx_word' id='word_1_1' title='bbox 73 495 75 500; x_wconf 85' lang='lat'><em>.</em></span> <span class='ocrx_word' id='word_1_2' title='bbox 131 462 175 526; x_wconf 80' lang='lat'>24</span> <span class='ocrx_word' id='word_1_3' title='bbox 457 465 495 520; x_wconf 83' lang='lat' dir='ltr'>M.</span> <span class='ocrx_word' id='word_1_4' title='bbox 514 464 597 518; x_wconf 77' lang='lat' dir='ltr'>VAL.</span> <span class='ocrx_word' id='word_1_5' title='bbox 616 462 812 519; x_wconf 83' lang='lat' dir='ltr'>MARTIALIS</span> 
     </span>
    </p>
   </div>
   <div class='ocr_carea' id='block_1_2' title="bbox 21 624 1138 1502">
    <p class='ocr_par' dir='ltr' id='par_1_2' title="bbox 175 624 990 798">
     <span class='ocr_line' id='line_1_2' title="bbox 176 624 990 701; baseline 0.003 -12"><span class='ocrx_word' id='word_1_6' title='bbox 176 625 266 701; x_wconf 84' lang='lat' dir='ltr'>Quae</span> <span class='ocrx_word' id='word_1_7' title='bbox 289 629 347 689; x_wconf 89' lang='lat' dir='ltr'>tua</span> <span class='ocrx_word' id='word_1_8' title='bbox 369 626 512 690; x_wconf 86' lang='lat' dir='ltr'>traducit</span> <span class='ocrx_word' id='word_1_9' title='bbox 534 624 705 690; x_wconf 86' lang='lat' dir='ltr'>manifesto</span> <span class='ocrx_word' id='word_1_10' title='bbox 671 626 872 691; x_wconf 89' lang='lat' dir='ltr'>tcarmina</span> <span class='ocrx_word' id='word_1_11' title='bbox 894 627 990 692; x_wconf 83' lang='lat' dir='ltr'>furto.</span> 
     </span>
     <span class='ocr_line' id='line_1_3' title="bbox 175 711 910 798; baseline 0.003 -21"><span class='ocrx_word' id='word_1_12' title='bbox 175 711 300 777; x_wconf 84' lang='lat' dir='ltr'>Sic&#39;t</span> <span class='ocrx_word' id='word_1_13' title='bbox 251 736 285 777; x_wconf 92' lang='grc' dir='ltr'>ιιι</span> <span class='ocrx_word' id='word_1_14' title='bbox 286 716 464 798; x_wconf 85' lang='lat' dir='ltr'>terpositus</span> <span class='ocrx_word' id='word_1_15' title='bbox 486 713 566 777; x_wconf 90' lang='lat' dir='ltr'>villo</span> <span class='ocrx_word' id='word_1_16' title='bbox 591 714 792 779; x_wconf 88' lang='lat' dir='ltr'>contaminat</span> <span class='ocrx_word' id='word_1_17' title='bbox 813 719 910 781; x_wconf 90' lang='lat' dir='ltr'>uncto</span> 
     </span>
    </p>

    <p class='ocr_par' dir='ltr' id='par_1_3' title="bbox 148 800 1037 1064">
     <span class='ocr_line' id='line_1_4' title="bbox 148 800 1037 888; baseline 0.004 -24"><span class='ocrx_word' id='word_1_18' title='bbox 148 800 297 865; x_wconf 78' lang='lat' dir='ltr'>sUrbica</span> <span class='ocrx_word' id='word_1_19' title='bbox 319 800 518 887; x_wconf 79' lang='lat' dir='ltr'>Lingonicus</span> <span class='ocrx_word' id='word_1_20' title='bbox 540 801 755 885; x_wconf 80' lang='lat' dir='ltr'>Tyrianthina</span> <span class='ocrx_word' id='word_1_21' title='bbox 777 803 1037 888; x_wconf 87' lang='lat' dir='ltr'>bardocucullus,</span> 
     </span>
     <span class='ocr_line' id='line_1_5' title="bbox 175 887 924 973; baseline 0.003 -20"><span class='ocrx_word' id='word_1_22' title='bbox 175 887 228 953; x_wconf 83' lang='lat' dir='ltr'>Sic</span> <span class='ocrx_word' id='word_1_23' title='bbox 250 889 422 954; x_wconf 75' lang='lat' dir='ltr'>Arretinae</span> <span class='ocrx_word' id='word_1_24' title='bbox 444 890 571 953; x_wconf 91' lang='lat' dir='ltr'>violant</span> <span class='ocrx_word' id='word_1_25' title='bbox 594 890 785 972; x_wconf 84' lang='lat' dir='ltr'>crystallina</span> <span class='ocrx_word' id='word_1_26' title='bbox 806 894 924 973; x_wconf 87' lang='lat' dir='ltr'>testae,</span> 
     </span>
     <span class='ocr_line' id='line_1_6' title="bbox 176 975 984 1064; baseline 0.004 -24"><span class='ocrx_word' id='word_1_27' title='bbox 176 975 228 1041; x_wconf 84' lang='lat' dir='ltr'>Sic</span> <span class='ocrx_word' id='word_1_28' title='bbox 251 977 344 1061; x_wconf 86' lang='lat' dir='ltr'>niger</span> <span class='ocrx_word' id='word_1_29' title='bbox 366 980 399 1043; x_wconf 91' lang='lat' dir='ltr'>in</span> <span class='ocrx_word' id='word_1_30' title='bbox 422 979 503 1062; x_wconf 87' lang='lat' dir='ltr'>ripis</span> <span class='ocrx_word' id='word_1_31' title='bbox 527 981 614 1041; x_wconf 87' lang='lat' dir='ltr'>errat</span> <span class='ocrx_word' id='word_1_32' title='bbox 636 1000 710 1042; x_wconf 92' lang='lat' dir='ltr'>cum</span> <span class='ocrx_word' id='word_1_33' title='bbox 732 978 817 1043; x_wconf 88' lang='lat' dir='ltr'>forte</span> <span class='ocrx_word' id='word_1_34' title='bbox 785 977 984 1064; x_wconf 81' lang='lat' dir='ltr'>teanstri,</span> 
     </span>
    </p>

    <p class='ocr_par' dir='ltr' id='par_1_4' title="bbox 21 1065 858 1161">
     <span class='ocr_line' id='line_1_7' title="bbox 21 1065 858 1161; baseline 0.002 -33"><span class='ocrx_word' id='word_1_35' title='bbox 21 1074 44 1161; x_wconf 72' lang='lat' dir='ltr'><em>f</em></span> <span class='ocrx_word' id='word_1_36' title='bbox 173 1066 265 1129; x_wconf 81' lang='lat' dir='ltr'>Inter</span> <span class='ocrx_word' id='word_1_37' title='bbox 288 1065 431 1130; x_wconf 86' lang='lat' dir='ltr'>Ledaeos</span> <span class='ocrx_word' id='word_1_38' title='bbox 454 1065 578 1130; x_wconf 87' lang='lat' dir='ltr'>ridetur</span> <span class='ocrx_word' id='word_1_39' title='bbox 600 1087 714 1130; x_wconf 91' lang='lat' dir='ltr'>corvus</span> <span class='ocrx_word' id='word_1_40' title='bbox 738 1067 858 1150; x_wconf 83' lang='lat' dir='ltr'>olores,</span> 
     </span>
    </p>

    <p class='ocr_par' dir='ltr' id='par_1_5' title="bbox 175 1151 1031 1237">
     <span class='ocr_line' id='line_1_8' title="bbox 175 1151 1031 1237; baseline 0.004 -20"><span class='ocrx_word' id='word_1_41' title='bbox 175 1151 228 1217; x_wconf 81' lang='lat' dir='ltr'>Sic</span> <span class='ocrx_word' id='word_1_42' title='bbox 251 1155 308 1218; x_wconf 94' lang='lat' dir='ltr'>ubi</span> <span class='ocrx_word' id='word_1_43' title='bbox 332 1154 508 1218; x_wconf 85' lang='lat' dir='ltr'>multisona</span> <span class='ocrx_word' id='word_1_44' title='bbox 530 1152 634 1217; x_wconf 90' lang='lat' dir='ltr'>fervet</span> <span class='ocrx_word' id='word_1_45' title='bbox 657 1175 747 1218; x_wconf 88' lang='lat' dir='ltr'>sacer</span> <span class='ocrx_word' id='word_1_46' title='bbox 768 1152 903 1218; x_wconf 82' lang='lat' dir='ltr'>Atthide</span> <span class='ocrx_word' id='word_1_47' title='bbox 927 1156 1031 1237; x_wconf 89' lang='lat' dir='ltr'>lucus,</span> 
     </span>
    </p>

    <p class='ocr_par' dir='ltr' id='par_1_6' title="bbox 133 1239 1138 1502">
     <span class='ocr_line' id='line_1_9' title="bbox 133 1239 968 1327; baseline 0.004 -23"><span class='ocrx_word' id='word_1_48' title='bbox 133 1257 165 1304; x_wconf 91' lang='lat'>10</span> <span class='ocrx_word' id='word_1_49' title='bbox 174 1239 330 1324; x_wconf 86' lang='lat' dir='ltr'>Improba</span> <span class='ocrx_word' id='word_1_50' title='bbox 353 1240 524 1325; x_wconf 81' lang='lat' dir='ltr'>Cecropias</span> <span class='ocrx_word' id='word_1_51' title='bbox 549 1241 682 1306; x_wconf 86' lang='lat' dir='ltr'>offendit</span> <span class='ocrx_word' id='word_1_52' title='bbox 704 1241 778 1327; x_wconf 90' lang='lat' dir='ltr'>pica</span> <span class='ocrx_word' id='word_1_53' title='bbox 799 1243 968 1326; x_wconf 90' lang='lat' dir='ltr'>querellas.</span> 
     </span>
     <span class='ocr_line' id='line_1_10' title="bbox 173 1327 1028 1415; baseline 0.002 -23"><span class='ocrx_word' id='word_1_54' title='bbox 173 1327 282 1393; x_wconf 87' lang='lat' dir='ltr'>Indice</span> <span class='ocrx_word' id='word_1_55' title='bbox 304 1351 370 1394; x_wconf 92' lang='lat' dir='ltr'>non</span> <span class='ocrx_word' id='word_1_56' title='bbox 393 1351 474 1414; x_wconf 92' lang='lat' dir='ltr'>opus</span> <span class='ocrx_word' id='word_1_57' title='bbox 498 1334 548 1393; x_wconf 90' lang='lat' dir='ltr'>est</span> <span class='ocrx_word' id='word_1_58' title='bbox 570 1330 693 1393; x_wconf 91' lang='lat' dir='ltr'>nostris</span> <span class='ocrx_word' id='word_1_59' title='bbox 716 1330 900 1415; x_wconf 10' lang='lat' dir='ltr'>necgiudice</span> <span class='ocrx_word' id='word_1_60' title='bbox 922 1330 1028 1412; x_wconf 87' lang='lat' dir='ltr'>libris,</span> 
     </span>
     <span class='ocr_line' id='line_1_11' title="bbox 175 1415 1138 1502; baseline 0.002 -22"><span class='ocrx_word' id='word_1_61' title='bbox 175 1415 249 1480; x_wconf 85' lang='lat' dir='ltr'>Stat</span> <span class='ocrx_word' id='word_1_62' title='bbox 271 1421 384 1482; x_wconf 86' lang='lat' dir='ltr'>contra</span> <span class='ocrx_word' id='word_1_63' title='bbox 406 1418 547 1502; x_wconf 84' lang='lat' dir='ltr'>dicitque</span> <span class='ocrx_word' id='word_1_64' title='bbox 569 1418 632 1481; x_wconf 88' lang='lat' dir='ltr'>tibi</span> <span class='ocrx_word' id='word_1_65' title='bbox 653 1421 711 1481; x_wconf 86' lang='lat' dir='ltr'>tua</span> <span class='ocrx_word' id='word_1_66' title='bbox 732 1419 854 1502; x_wconf 84' lang='lat' dir='ltr'>pagina</span> <span class='ocrx_word' id='word_1_67' title='bbox 874 1417 958 1502; x_wconf 68' lang='lat' dir='ltr'>„Fur</span> <span class='ocrx_word' id='word_1_68' title='bbox 981 1418 1042 1483; x_wconf 87' lang='lat' dir='ltr'>es.“</span> <span class='ocrx_word' id='word_1_69' title='bbox 1135 1490 1138 1496; x_wconf 48' lang='grc'>,</span> 
     </span>
    </p>
   </div>
   <div class='ocr_carea' id='block_1_3' title="bbox 591 1531 676 1597">
    <p class='ocr_par' dir='ltr' id='par_1_7' title="bbox 591 1531 676 1597">
     <span class='ocr_line' id='line_1_12' title="bbox 591 1531 676 1597; baseline 0.012 -1"><span class='ocrx_word' id='word_1_70' title='bbox 591 1531 676 1597; x_wconf 88' lang='lat' dir='ltr'>LIV.</span> 
     </span>
    </p>
   </div>
   <div class='ocr_carea' id='block_1_4' title="bbox 147 1617 1007 2151">
    <p class='ocr_par' dir='ltr' id='par_1_8' title="bbox 175 1617 897 1704">
     <span class='ocr_line' id='line_1_13' title="bbox 175 1617 897 1704; baseline 0.004 -22"><span class='ocrx_word' id='word_1_71' title='bbox 175 1617 211 1682; x_wconf 81' lang='lat' dir='ltr'>Si</span> <span class='ocrx_word' id='word_1_72' title='bbox 235 1619 324 1703; x_wconf 90' lang='lat' dir='ltr'>quid,</span> <span class='ocrx_word' id='word_1_73' title='bbox 346 1619 462 1704; x_wconf 80' lang='lat' dir='ltr'>Fusae,</span> <span class='ocrx_word' id='word_1_74' title='bbox 484 1643 581 1686; x_wconf 86' lang='lat' dir='ltr'>vacas</span> <span class='ocrx_word' id='word_1_75' title='bbox 605 1621 710 1685; x_wconf 89' lang='lat' dir='ltr'>adhuc</span> <span class='ocrx_word' id='word_1_76' title='bbox 732 1620 834 1699; x_wconf 87' lang='lat' dir='ltr'>amari</span> <span class='ocrx_word' id='word_1_77' title='bbox 858 1656 897 1667; x_wconf 95' lang='lat'>-</span> 
     </span>
    </p>

    <p class='ocr_par' dir='ltr' id='par_1_9' title="bbox 175 1705 1007 1792">
     <span class='ocr_line' id='line_1_14' title="bbox 175 1705 1007 1792; baseline 0.005 -23"><span class='ocrx_word' id='word_1_78' title='bbox 175 1705 260 1770; x_wconf 88' lang='lat' dir='ltr'>Nam</span> <span class='ocrx_word' id='word_1_79' title='bbox 284 1712 361 1772; x_wconf 89' lang='lat' dir='ltr'>sunt</span> <span class='ocrx_word' id='word_1_80' title='bbox 383 1707 459 1772; x_wconf 89' lang='lat' dir='ltr'>hinc</span> <span class='ocrx_word' id='word_1_81' title='bbox 481 1708 557 1792; x_wconf 83' lang='lat' dir='ltr'>tibi,</span> <span class='ocrx_word' id='word_1_82' title='bbox 580 1710 657 1772; x_wconf 89' lang='lat' dir='ltr'>sunt</span> <span class='ocrx_word' id='word_1_83' title='bbox 680 1713 713 1772; x_wconf 85' lang='lat' dir='ltr'>et</span> <span class='ocrx_word' id='word_1_84' title='bbox 734 1708 810 1772; x_wconf 90' lang='lat' dir='ltr'>hinc</span> <span class='ocrx_word' id='word_1_85' title='bbox 833 1708 927 1773; x_wconf 87' lang='lat' dir='ltr'>amici</span> <span class='ocrx_word' id='word_1_86' title='bbox 949 1745 1007 1792; x_wconf 86' lang='lat'>--‚</span> 
     </span>
    </p>

    <p class='ocr_par' dir='ltr' id='par_1_10' title="bbox 173 1759 849 1881">
     <span class='ocr_line' id='line_1_15' title="bbox 173 1759 849 1881; baseline 0.002 -22"><span class='ocrx_word' id='word_1_87' title='bbox 173 1794 295 1877; x_wconf 80' lang='lat' dir='ltr'>Unum,</span> <span class='ocrx_word' id='word_1_88' title='bbox 318 1795 346 1859; x_wconf 90' lang='lat' dir='ltr'>si</span> <span class='ocrx_word' id='word_1_89' title='bbox 369 1799 529 1879; x_wconf 82' lang='lat' dir='ltr'>superest,</span> <span class='ocrx_word' id='word_1_90' title='bbox 548 1759 660 1860; x_wconf 89' lang='lat' dir='ltr'>locum</span> <span class='ocrx_word' id='word_1_91' title='bbox 682 1817 849 1881; x_wconf 86' lang='lat' dir='ltr'>rogamus,</span> 
     </span>
    </p>

    <p class='ocr_par' dir='ltr' id='par_1_11' title="bbox 147 1881 910 2036">
     <span class='ocr_line' id='line_1_16' title="bbox 174 1881 910 1968; baseline 0.003 -22"><span class='ocrx_word' id='word_1_92' title='bbox 174 1881 608 1967; x_wconf 87' lang='lat' dir='ltr'>Neome,quodtibis1m</span> <span class='ocrx_word' id='word_1_93' title='bbox 631 1906 748 1968; x_wconf 83' lang='lat' dir='ltr'>novus,</span> <span class='ocrx_word' id='word_1_94' title='bbox 769 1906 910 1948; x_wconf 83' lang='lat' dir='ltr'>recuses:</span> 
     </span>
     <span class='ocr_line' id='line_1_17' title="bbox 147 1965 758 2036; baseline 0.007 -4"><span class='ocrx_word' id='word_1_95' title='bbox 147 1965 293 2035; x_wconf 71' lang='lat' dir='ltr'>cOmnes</span> <span class='ocrx_word' id='word_1_96' title='bbox 315 1970 377 2036; x_wconf 93' lang='lat' dir='ltr'>hoc</span> <span class='ocrx_word' id='word_1_97' title='bbox 401 1975 524 2036; x_wconf 91' lang='lat' dir='ltr'>veteres</span> <span class='ocrx_word' id='word_1_98' title='bbox 547 1973 598 2036; x_wconf 92' lang='lat' dir='ltr'>tui</span> <span class='ocrx_word' id='word_1_99' title='bbox 619 1972 758 2036; x_wconf 83' lang='lat' dir='ltr'>fuerunt.</span> 
     </span>
    </p>

    <p class='ocr_par' dir='ltr' id='par_1_12' title="bbox 173 2057 878 2151">
     <span class='ocr_line' id='line_1_18' title="bbox 173 2057 878 2151; baseline 0 -30"><span class='ocrx_word' id='word_1_100' title='bbox 173 2057 223 2121; x_wconf 85' lang='lat' dir='ltr'>Tu</span> <span class='ocrx_word' id='word_1_101' title='bbox 244 2060 317 2122; x_wconf 88' lang='lat' dir='ltr'>tant</span> <span class='ocrx_word' id='word_1_102' title='bbox 318 2081 373 2122; x_wconf 89' lang='lat' dir='ltr'>um</span> <span class='ocrx_word' id='word_1_103' title='bbox 396 2059 517 2143; x_wconf 86' lang='lat' dir='ltr'>inspice</span> <span class='ocrx_word' id='word_1_104' title='bbox 541 2059 596 2144; x_wconf 92' lang='lat' dir='ltr'>qui</span> <span class='ocrx_word' id='word_1_105' title='bbox 618 2082 720 2124; x_wconf 92' lang='lat' dir='ltr'>novus</span> <span class='ocrx_word' id='word_1_106' title='bbox 742 2063 878 2151; x_wconf 87' lang='lat' dir='ltr'>paratur</span> 
     </span>
    </p>
   </div>
   <div class='ocr_carea' id='block_1_5' title="bbox 173 2145 1023 2328">
    <p class='ocr_par' dir='ltr' id='par_1_13' title="bbox 173 2145 1023 2326">
     <span class='ocr_line' id='line_1_19' title="bbox 173 2145 715 2229; baseline 0.006 -20"><span class='ocrx_word' id='word_1_107' title='bbox 173 2145 227 2209; x_wconf 90' lang='lat' dir='ltr'>An</span> <span class='ocrx_word' id='word_1_108' title='bbox 249 2147 355 2229; x_wconf 87' lang='lat' dir='ltr'>possit</span> <span class='ocrx_word' id='word_1_109' title='bbox 341 2147 523 2210; x_wconf 90' lang='lat' dir='ltr'>tfierit</span> <span class='ocrx_word' id='word_1_110' title='bbox 470 2151 523 2211; x_wconf 91' lang='lat' dir='ltr'>vet</span> <span class='ocrx_word' id='word_1_111' title='bbox 524 2170 562 2213; x_wconf 88' lang='lat' dir='ltr'>us</span> <span class='ocrx_word' id='word_1_112' title='bbox 586 2148 715 2214; x_wconf 89' lang='lat' dir='ltr'>sodalis</span> 
     </span>
     <span class='ocr_line' id='line_1_20' title="bbox 599 2246 1023 2328; baseline 0.035 -63"><span class='ocrx_word' id='word_1_113' title='bbox 599 2261 668 2328; x_wconf 45' lang='lat' dir='ltr'>LV·</span> <span class='ocrx_word' id='word_1_114' title='bbox 856 2246 1023 2279; x_wconf 44' lang='grc' dir='ltr'>με·</span> 
     </span>
    </p>
   </div>
   <div class='ocr_carea' id='block_1_6' title="bbox 49 2347 1135 3558">
    <p class='ocr_par' dir='ltr' id='par_1_14' title="bbox 49 2347 1135 3558">
     <span class='ocr_line' id='line_1_21' title="bbox 177 2347 1112 2435; baseline 0 -23"><span class='ocrx_word' id='word_1_115' title='bbox 177 2347 299 2413; x_wconf 89' lang='lat' dir='ltr'>Votat</span> <span class='ocrx_word' id='word_1_116' title='bbox 243 2350 333 2414; x_wconf 91' lang='lat' dir='ltr'>atui</span> <span class='ocrx_word' id='word_1_117' title='bbox 356 2351 462 2414; x_wconf 83' lang='lat' dir='ltr'>brevit</span> <span class='ocrx_word' id='word_1_118' title='bbox 464 2371 499 2414; x_wconf 91' lang='lat' dir='ltr'>er</span> <span class='ocrx_word' id='word_1_119' title='bbox 522 2351 550 2415; x_wconf 91' lang='lat' dir='ltr'>si</span> <span class='ocrx_word' id='word_1_120' title='bbox 573 2350 623 2415; x_wconf 94' lang='lat' dir='ltr'>vis</span> <span class='ocrx_word' id='word_1_121' title='bbox 647 2369 840 2435; x_wconf 85' lang='lat' dir='ltr'>cognoscere</span> <span class='ocrx_word' id='word_1_122' title='bbox 861 2347 977 2432; x_wconf 86' lang='lat' dir='ltr'>Marci,</span> <span class='ocrx_word' id='word_1_123' title='bbox 1109 2363 1112 2368; x_wconf 86' lang='grc'><em>·</em></span> 
     </span>
     <span class='ocr_line' id='line_1_22' title="bbox 218 2435 1002 2539; baseline -0.001 -38"><span class='ocrx_word' id='word_1_124' title='bbox 218 2435 349 2502; x_wconf 80' lang='lat' dir='ltr'>Clarum</span> <span class='ocrx_word' id='word_1_125' title='bbox 371 2438 467 2502; x_wconf 91' lang='lat' dir='ltr'>milit</span> <span class='ocrx_word' id='word_1_126' title='bbox 443 2440 522 2521; x_wconf 87' lang='lat' dir='ltr'>trae,</span> <span class='ocrx_word' id='word_1_127' title='bbox 544 2437 681 2521; x_wconf 84' lang='lat' dir='ltr'>Fronto,</span> <span class='ocrx_word' id='word_1_128' title='bbox 704 2442 864 2539; x_wconf 84' lang='lat' dir='ltr'>togaeque</span> <span class='ocrx_word' id='word_1_129' title='bbox 887 2437 1002 2519; x_wconf 88' lang='lat' dir='ltr'>decus,</span> 
     </span>
     <span class='ocr_line' id='line_1_23' title="bbox 173 2523 1028 2610; baseline -0.002 -21"><span class='ocrx_word' id='word_1_130' title='bbox 173 2523 323 2589; x_wconf 92' lang='lat' dir='ltr'>Hcct</span> <span class='ocrx_word' id='word_1_131' title='bbox 267 2548 364 2609; x_wconf 89' lang='lat' dir='ltr'>pe,</span> <span class='ocrx_word' id='word_1_132' title='bbox 309 2526 351 2589; x_wconf 89' lang='lat' dir='ltr'>tit</span> <span class='ocrx_word' id='word_1_133' title='bbox 388 2548 459 2590; x_wconf 88' lang='lat' dir='ltr'>esse</span> <span class='ocrx_word' id='word_1_134' title='bbox 483 2527 533 2590; x_wconf 89' lang='lat' dir='ltr'>sui</span> <span class='ocrx_word' id='word_1_135' title='bbox 554 2548 614 2591; x_wconf 90' lang='lat' dir='ltr'>nec</span> <span class='ocrx_word' id='word_1_136' title='bbox 636 2526 748 2610; x_wconf 89' lang='lat' dir='ltr'>magni</span> <span class='ocrx_word' id='word_1_137' title='bbox 770 2525 854 2590; x_wconf 90' lang='lat' dir='ltr'>ruris</span> <span class='ocrx_word' id='word_1_138' title='bbox 878 2527 1028 2607; x_wconf 88' lang='lat' dir='ltr'>arator,</span> 
     </span>
     <span class='ocr_line' id='line_1_24' title="bbox 219 2612 940 2698; baseline 0 -21"><span class='ocrx_word' id='word_1_139' title='bbox 219 2612 451 2697; x_wconf 81' lang='lat' dir='ltr'>Sordidaque</span> <span class='ocrx_word' id='word_1_140' title='bbox 441 2636 476 2676; x_wconf 91' lang='lat' dir='ltr'>m</span> <span class='ocrx_word' id='word_1_141' title='bbox 498 2614 608 2698; x_wconf 88' lang='lat' dir='ltr'>parvis</span> <span class='ocrx_word' id='word_1_142' title='bbox 632 2614 700 2677; x_wconf 88' lang='lat' dir='ltr'>otia</span> <span class='ocrx_word' id='word_1_143' title='bbox 722 2614 819 2679; x_wconf 89' lang='lat' dir='ltr'>rebus</span> <span class='ocrx_word' id='word_1_144' title='bbox 842 2616 940 2678; x_wconf 88' lang='lat' dir='ltr'>amat.</span> 
     </span>
     <span class='ocr_line' id='line_1_25' title="bbox 64 2699 981 2786; baseline 0 -22"><span class='ocrx_word' id='word_1_145' title='bbox 64 2758 70 2777; x_wconf 73' lang='grc'><em>,</em></span> <span class='ocrx_word' id='word_1_146' title='bbox 148 2701 353 2785; x_wconf 78' lang='lat' dir='ltr'>oQuisquam</span> <span class='ocrx_word' id='word_1_147' title='bbox 376 2701 463 2784; x_wconf 89' lang='lat' dir='ltr'>picta</span> <span class='ocrx_word' id='word_1_148' title='bbox 485 2702 584 2766; x_wconf 92' lang='lat' dir='ltr'>colit</span> <span class='ocrx_word' id='word_1_149' title='bbox 578 2700 686 2786; x_wconf 85' lang='lat' dir='ltr'>Spart</span> <span class='ocrx_word' id='word_1_150' title='bbox 673 2700 806 2765; x_wconf 83' lang='lat' dir='ltr'>tanifri</span> <span class='ocrx_word' id='word_1_151' title='bbox 831 2723 888 2766; x_wconf 88' lang='lat' dir='ltr'>ora</span> <span class='ocrx_word' id='word_1_152' title='bbox 911 2699 981 2765; x_wconf 85' lang='lat' dir='ltr'>saxi</span> 
     </span>
     <span class='ocr_line' id='line_1_26' title="bbox 217 2721 1013 2881; baseline 0.001 -29"><span class='ocrx_word' id='word_1_153' title='bbox 217 2789 263 2852; x_wconf 80' lang='lat' dir='ltr'>Et</span> <span class='ocrx_word' id='word_1_154' title='bbox 285 2789 401 2852; x_wconf 87' lang='lat' dir='ltr'>matut</span> <span class='ocrx_word' id='word_1_155' title='bbox 391 2810 482 2851; x_wconf 90' lang='lat' dir='ltr'>mum</span> <span class='ocrx_word' id='word_1_156' title='bbox 504 2792 616 2873; x_wconf 90' lang='lat' dir='ltr'>portat</span> <span class='ocrx_word' id='word_1_157' title='bbox 638 2790 767 2872; x_wconf 89' lang='lat' dir='ltr'>ineptus</span> <span class='ocrx_word' id='word_1_158' title='bbox 789 2721 896 2881; x_wconf 51' lang='grc' dir='ltr'>ἐπει,</span> <span class='ocrx_word' id='word_1_159' title='bbox 1010 2832 1013 2839; x_wconf 90' lang='grc'>-</span> 
     </span>
     <span class='ocr_line' id='line_1_27' title="bbox 49 2872 931 2960; baseline 0.002 -21"><span class='ocrx_word' id='word_1_160' title='bbox 49 2872 67 2899; x_wconf 69' lang='grc'><strong>“</strong></span> <span class='ocrx_word' id='word_1_161' title='bbox 174 2874 234 2939; x_wconf 78' lang='lat' dir='ltr'>Oui</span> <span class='ocrx_word' id='word_1_162' title='bbox 257 2876 334 2940; x_wconf 90' lang='lat' dir='ltr'>licet</span> <span class='ocrx_word' id='word_1_163' title='bbox 357 2876 479 2940; x_wconf 85' lang='lat' dir='ltr'>exuviis</span> <span class='ocrx_word' id='word_1_164' title='bbox 502 2878 642 2942; x_wconf 90' lang='lat' dir='ltr'>nemoris</span> <span class='ocrx_word' id='word_1_165' title='bbox 665 2876 812 2960; x_wconf 89' lang='lat' dir='ltr'>rurisque</span> <span class='ocrx_word' id='word_1_166' title='bbox 835 2877 931 2941; x_wconf 89' lang='lat' dir='ltr'>beato</span> 
     </span>
     <span class='ocr_line' id='line_1_28' title="bbox 218 2962 925 3050; baseline 0.001 -24"><span class='ocrx_word' id='word_1_167' title='bbox 218 2962 287 3028; x_wconf 91' lang='lat' dir='ltr'>Ant</span> <span class='ocrx_word' id='word_1_168' title='bbox 273 2968 306 3028; x_wconf 90' lang='lat' dir='ltr'>te</span> <span class='ocrx_word' id='word_1_169' title='bbox 329 2962 437 3027; x_wconf 85' lang='lat' dir='ltr'>focum</span> <span class='ocrx_word' id='word_1_170' title='bbox 460 2965 573 3046; x_wconf 88' lang='lat' dir='ltr'>plenas</span> <span class='ocrx_word' id='word_1_171' title='bbox 597 2963 787 3047; x_wconf 82' lang='lat' dir='ltr'>explicuisse</span> <span class='ocrx_word' id='word_1_172' title='bbox 810 2965 925 3050; x_wconf 82' lang='lat' dir='ltr'>plagas</span> 
     </span>
     <span class='ocr_line' id='line_1_29' title="bbox 173 3051 1077 3135; baseline 0.003 -21"><span class='ocrx_word' id='word_1_173' title='bbox 173 3051 219 3114; x_wconf 81' lang='lat' dir='ltr'>Et</span> <span class='ocrx_word' id='word_1_174' title='bbox 241 3052 363 3135; x_wconf 90' lang='lat' dir='ltr'>piscem</span> <span class='ocrx_word' id='word_1_175' title='bbox 386 3052 527 3115; x_wconf 88' lang='lat' dir='ltr'>tremula</span> <span class='ocrx_word' id='word_1_176' title='bbox 551 3053 720 3116; x_wconf 87' lang='lat' dir='ltr'>salientem</span> <span class='ocrx_word' id='word_1_177' title='bbox 742 3052 857 3117; x_wconf 91' lang='lat' dir='ltr'>ducere</span> <span class='ocrx_word' id='word_1_178' title='bbox 881 3055 970 3117; x_wconf 85' lang='lat' dir='ltr'>saeta</span> <span class='ocrx_word' id='word_1_179' title='bbox 1075 3068 1077 3073; x_wconf 84' lang='lat'>&#39;</span> 
     </span>
     <span class='ocr_line' id='line_1_30' title="bbox 92 3139 980 3224; baseline 0.002 -22"><span class='ocrx_word' id='word_1_180' title='bbox 92 3210 95 3215; x_wconf 15' lang='lat' dir='ltr'><strong><em>Q</em></strong></span> <span class='ocrx_word' id='word_1_181' title='bbox 132 3157 164 3204; x_wconf 85' lang='grc' dir='ltr'>ιο</span> <span class='ocrx_word' id='word_1_182' title='bbox 218 3139 383 3223; x_wconf 84' lang='lat' dir='ltr'>Flavaque</span> <span class='ocrx_word' id='word_1_183' title='bbox 407 3139 445 3203; x_wconf 91' lang='lat' dir='ltr'>de</span> <span class='ocrx_word' id='word_1_184' title='bbox 467 3141 574 3205; x_wconf 85' lang='lat' dir='ltr'>rubro</span> <span class='ocrx_word' id='word_1_185' title='bbox 589 3162 736 3224; x_wconf 91' lang='lat' dir='ltr'>promere</span> <span class='ocrx_word' id='word_1_186' title='bbox 759 3141 857 3205; x_wconf 85' lang='lat' dir='ltr'>mella</span> <span class='ocrx_word' id='word_1_187' title='bbox 879 3140 980 3206; x_wconf 82' lang='lat' dir='ltr'>cado?</span> 
     </span>
     <span class='ocr_line' id='line_1_31' title="bbox 173 3226 997 3312; baseline 0 -22"><span class='ocrx_word' id='word_1_188' title='bbox 173 3226 309 3312; x_wconf 91' lang='lat' dir='ltr'>Pinguis</span> <span class='ocrx_word' id='word_1_189' title='bbox 332 3228 516 3311; x_wconf 84' lang='lat' dir='ltr'>inaequales</span> <span class='ocrx_word' id='word_1_190' title='bbox 541 3233 654 3293; x_wconf 89' lang='lat' dir='ltr'>onerat</span> <span class='ocrx_word' id='word_1_191' title='bbox 678 3229 727 3293; x_wconf 92' lang='lat' dir='ltr'>cui</span> <span class='ocrx_word' id='word_1_192' title='bbox 750 3229 848 3293; x_wconf 86' lang='lat' dir='ltr'>vilica</span> <span class='ocrx_word' id='word_1_193' title='bbox 870 3249 997 3292; x_wconf 89' lang='lat' dir='ltr'>mensas</span> 
     </span>
     <span class='ocr_line' id='line_1_32' title="bbox 218 3315 991 3401; baseline 0.001 -22"><span class='ocrx_word' id='word_1_194' title='bbox 218 3315 265 3379; x_wconf 81' lang='lat' dir='ltr'>Et</span> <span class='ocrx_word' id='word_1_195' title='bbox 288 3316 346 3379; x_wconf 83' lang='lat' dir='ltr'>sua</span> <span class='ocrx_word' id='word_1_196' title='bbox 368 3338 435 3380; x_wconf 93' lang='lat' dir='ltr'>non</span> <span class='ocrx_word' id='word_1_197' title='bbox 458 3320 585 3400; x_wconf 87' lang='lat' dir='ltr'>emptus</span> <span class='ocrx_word' id='word_1_198' title='bbox 608 3320 783 3401; x_wconf 88' lang='lat' dir='ltr'>praeparat</span> <span class='ocrx_word' id='word_1_199' title='bbox 806 3338 867 3381; x_wconf 91' lang='lat' dir='ltr'>ova</span> <span class='ocrx_word' id='word_1_200' title='bbox 889 3316 991 3381; x_wconf 73' lang='lat' dir='ltr'>cinis?</span> 
     </span>
     <span class='ocr_line' id='line_1_33' title="bbox 175 3402 1135 3490; baseline 0.004 -23"><span class='ocrx_word' id='word_1_201' title='bbox 175 3402 250 3467; x_wconf 91' lang='lat' dir='ltr'>Non</span> <span class='ocrx_word' id='word_1_202' title='bbox 273 3408 361 3468; x_wconf 90' lang='lat' dir='ltr'>amet</span> <span class='ocrx_word' id='word_1_203' title='bbox 383 3404 466 3469; x_wconf 87' lang='lat' dir='ltr'>hanc</span> <span class='ocrx_word' id='word_1_204' title='bbox 484 3407 586 3469; x_wconf 88' lang='lat' dir='ltr'>vitam</span> <span class='ocrx_word' id='word_1_205' title='bbox 607 3404 750 3489; x_wconf 89' lang='lat' dir='ltr'>quisquis</span> <span class='ocrx_word' id='word_1_206' title='bbox 769 3426 905 3469; x_wconf 87' lang='lat' dir='ltr'>menon</span> <span class='ocrx_word' id='word_1_207' title='bbox 922 3407 1023 3488; x_wconf 83' lang='lat' dir='ltr'>amat,</span> <span class='ocrx_word' id='word_1_208' title='bbox 1042 3406 1135 3490; x_wconf 80' lang='lat' dir='ltr'>opto,</span> 
     </span>
     <span class='ocr_line' id='line_1_34' title="bbox 218 3490 854 3558; baseline 0.003 -2"><span class='ocrx_word' id='word_1_209' title='bbox 218 3490 319 3556; x_wconf 87' lang='lat' dir='ltr'>Vivat</span> <span class='ocrx_word' id='word_1_210' title='bbox 343 3495 376 3556; x_wconf 92' lang='lat' dir='ltr'>et</span> <span class='ocrx_word' id='word_1_211' title='bbox 399 3492 532 3556; x_wconf 88' lang='lat' dir='ltr'>urbanis</span> <span class='ocrx_word' id='word_1_212' title='bbox 556 3493 649 3556; x_wconf 89' lang='lat' dir='ltr'>albus</span> <span class='ocrx_word' id='word_1_213' title='bbox 671 3493 706 3556; x_wconf 94' lang='lat' dir='ltr'>in</span> <span class='ocrx_word' id='word_1_214' title='bbox 729 3492 854 3558; x_wconf 90' lang='lat' dir='ltr'>officiis.</span> 
     </span>
    </p>
   </div>
   <div class='ocr_carea' id='block_1_7' title="bbox 591 3615 675 3681">
    <p class='ocr_par' dir='ltr' id='par_1_15' title="bbox 591 3615 675 3681">
     <span class='ocr_line' id='line_1_35' title="bbox 591 3615 675 3681; baseline 0.012 -1"><span class='ocrx_word' id='word_1_215' title='bbox 591 3615 675 3681; x_wconf 84' lang='lat' dir='ltr'><strong>LVI.</strong></span> 
     </span>
    </p>
   </div>
   <div class='ocr_carea' id='block_1_8' title="bbox 129 3702 1122 3881">
    <p class='ocr_par' dir='ltr' id='par_1_16' title="bbox 129 3702 1122 3881">
     <span class='ocr_line' id='line_1_36' title="bbox 129 3702 1122 3783; baseline 0 -16"><span class='ocrx_word' id='word_1_216' title='bbox 129 3702 301 3769; x_wconf 81' lang='lat' dir='ltr'>Continuis</span> <span class='ocrx_word' id='word_1_217' title='bbox 324 3708 441 3769; x_wconf 86' lang='lat' dir='ltr'>vexata</span> <span class='ocrx_word' id='word_1_218' title='bbox 464 3704 573 3768; x_wconf 91' lang='lat' dir='ltr'>madet</span> <span class='ocrx_word' id='word_1_219' title='bbox 595 3702 757 3770; x_wconf 89' lang='lat' dir='ltr'>vindemia</span> <span class='ocrx_word' id='word_1_220' title='bbox 778 3704 911 3768; x_wconf 90' lang='lat' dir='ltr'>nimbis:</span> <span class='ocrx_word' id='word_1_221' title='bbox 1117 3772 1122 3783; x_wconf 61' lang='grc'>,</span> 
     </span>
     <span class='ocr_line' id='line_1_37' title="bbox 201 3791 1078 3881; baseline 0.003 -28"><span class='ocrx_word' id='word_1_222' title='bbox 201 3791 284 3854; x_wconf 90' lang='lat' dir='ltr'>Non</span> <span class='ocrx_word' id='word_1_223' title='bbox 304 3797 419 3879; x_wconf 81' lang='lat' dir='ltr'>potes,</span> <span class='ocrx_word' id='word_1_224' title='bbox 444 3797 482 3859; x_wconf 92' lang='lat' dir='ltr'>ut</span> <span class='ocrx_word' id='word_1_225' title='bbox 504 3793 633 3881; x_wconf 87' lang='lat' dir='ltr'>cupias,</span> <span class='ocrx_word' id='word_1_226' title='bbox 653 3793 805 3878; x_wconf 81' lang='lat' dir='ltr'>vendere,</span> <span class='ocrx_word' id='word_1_227' title='bbox 826 3813 921 3877; x_wconf 81' lang='lat' dir='ltr'>c0p0,</span> <span class='ocrx_word' id='word_1_228' title='bbox 944 3808 1078 3867; x_wconf 77' lang='lat' dir='ltr'>merum.</span> 
     </span>
    </p>
   </div>
   <div class='ocr_carea' id='block_1_9' title="bbox 0 0 1208 4132">
    <p class='ocr_par' dir='ltr' id='par_1_17' title="bbox 0 0 1208 4132">
     <span class='ocr_line' id='line_1_38' title="bbox 0 0 1208 4132; baseline 0 0"><span class='ocrx_word' id='word_1_229' title='bbox 0 0 1208 4132; x_wconf 95' lang='lat' dir='ltr'> </span> 
     </span>
    </p>
   </div>
  </div>
 </body>
</html>
