2408 4132
151 468 216 534 230
476 466 514 522 Μ.
532 467 614 522 VAL.
633 464 830 521 MARTIALIS

196 629 369 713 Strataque
391 650 457 694 non
479 651 559 694 unas
584 629 718 714 cingant
739 627 881 692 triclinia
902 625 1001 691 Baias

238 719 285 782 Et
308 718 419 782 Thetis
443 720 609 802 unguento
632 715 756 799 palleat
778 719 879 780 uneta
900 719 971 798 tuo,

170 805 341 871 5Caudida
364 804 467 870 Setini
489 807 643 890 rumpant
665 803 820 887 crystalla
842 804 994 879 trientes.

239 894 389 960 Dormiat
411 895 446 957 in
467 895 579 978 pluma
601 914 659 957 nee
682 893 815 957 meliore
837 891 963 956 Venus:

195 983 247 1047 Ad
269 986 429 1047 nocturna
450 982 536 1046 iaoes
559 981 701 1045 fastosae
724 981 840 1045 limina
861 979 1029 1063 moechae,

238 1070 284 1134 Et
307 1070 429 1151 madet,
452 1071 529 1152 heu,
551 1069 694 1134 lacrimis
718 1070 814 1134 ianua
837 1068 935 1133 surda
957 1067 1038 1152 tuis,

195 1159 296 1224 Urere
319 1181 378 1224 nee
401 1158 554 1223 miserum
578 1160 707 1223 cessant
730 1157 872 1242 suspiria
894 1161 1016 1240 peetus.

153 1264 184 1312 ιο
237 1247 296 1311 Vis
321 1247 439 1332 diuam,
462 1247 546 1311 male
569 1247 613 1310 sit
636 1268 692 1311 eur
713 1245 789 1329 tibi,
813 1244 932 1311 Cotta?
955 1245 1037 1310 bene
1060 1250 1124 1310 est.

196 1492 316 1558 Cedere
339 1494 378 1558 de
400 1493 522 1559 nostris
545 1494 627 1557 nulli
650 1496 682 1556 te
706 1492 786 1556 diois
810 1491 932 1556 amieis.

239 1579 314 1664 Sed,
338 1582 382 1646 sit
404 1586 441 1646 ut
463 1581 525 1647 hoo
544 1603 668 1664 verum,
687 1580 775 1664 quid,
794 1601 889 1665 rogo,
909 1578 1035 1663 Crispe,
1054 1579 1163 1645 faeie?

195 1668 309 1733 Mutua
331 1691 403 1734 oum
425 1674 568 1754 peterem
592 1669 741 1734 sestertia
765 1669 918 1752 quinque,
940 1669 1087 1751 negasti,

238 1755 315 1821 Non
338 1761 467 1841 caperet
489 1780 638 1822 nummos
662 1779 733 1822 oum
757 1756 865 1842 gravis
890 1776 965 1820 area
987 1760 1074 1821 tuos.

170 1845 331 1920 5Quando
354 1845 449 1910 fabae
473 1844 617 1910 modium
638 1845 733 1910 nobis
756 1846 893 1910 farrisve
916 1843 1047 1928 dedisti,

240 1931 320 1998 Cum
343 1937 401 1997 tua
423 1932 570 1998 Niliacus
593 1956 669 1998 rura
692 1933 825 1998 colonus
850 1933 941 1997 aret?

197 2020 330 2096 Quando
341 2022 448 2085 brevis
459 2021 584 2105 gelidae
595 2022 750 2087 missaest
760 2024 991 2105 togatempore
999 2020 1162 2088 brumae?

240 2111 377 2195 Argenti
400 2110 488 2174 venit
512 2111 640 2194 quando
664 2109 785 2175 selibra
807 2109 910 2173 mihi?

195 2196 253 2262 Nil
277 2198 364 2263 aliud
388 2199 493 2281 video,
517 2221 580 2283 quo
603 2204 636 2264 te
659 2199 826 2264 credamus
850 2197 1001 2281 amioum,

153 2303 185 2350 10
240 2288 344 2363 Quam
368 2287 452 2373 quod
475 2309 526 2351 me
549 2309 658 2352 eoram
680 2286 808 2372 pedere,
831 2283 959 2370 Crispe,
983 2286 1080 2351 soles.

620 2427 690 2492 XV.

196 2525 335 2591 Dotatae
357 2526 450 2589 uxori
473 2547 528 2590 eor
551 2525 731 2590 harundine
754 2524 826 2587 fixit
850 2527 957 2606 acuta,

239 2613 301 2678 Sed
324 2614 399 2678 dum
423 2614 505 2678 ludit
528 2613 630 2699 Aper:
654 2613 763 2677 ludere
785 2611 878 2676 novit
901 2613 997 2697 Aper.

611 2762 698 2828 XVI.

195 2858 230 2925 si
253 2861 372 2923 donare
394 2881 490 2923 voeas
514 2861 704 2942 promittere
726 2880 785 2924 neo
809 2858 898 2941 dare,
922 2857 997 2942 Gai,

239 2946 374 3011 Vineam
397 2950 430 3011 te
454 2946 545 3011 donis
569 2947 819 3031 muneribusque
842 2947 930 3011 meis·

194 3035 313 3117 Aeoipe
337 3032 489 3099 Callaicis
513 3035 666 3119 quidquid
688 3035 771 3099 fodit
793 3035 896 3099 Astur
918 3036 953 3100 in
975 3035 1076 3120 arvis,

238 3123 348 3187 Aurea
371 3123 526 3208 quidquid
549 3123 649 3188 habet
672 3123 781 3188 divitis
805 3123 891 3188 unda
914 3123 1010 3209 Tagi,

169 3211 357 3294 oQuidquid
379 3212 566 3295 Erythraea
587 3213 679 3296 niger
701 3212 826 3277 invenit
847 3211 946 3276 Indus
970 3214 1004 3276 in
1028 3213 1119 3299 alga,

241 3300 401 3385 Quidquid
425 3305 458 3364 et
479 3301 513 3365 in
535 3300 620 3364 nidis
643 3301 738 3365 unies
762 3309 868 3365 servat
891 3300 975 3384 avis,
1003 3356 1006 3361 ,

195 3389 358 3473 Quidquid
380 3389 551 3475 Agenoreo
574 3390 677 3473 Tyros
699 3389 848 3472 improba
871 3389 960 3474 eogit
984 3387 1105 3455 aheno:

239 3477 400 3562 Quidquid
423 3476 545 3542 habent
568 3499 693 3555 omnes,
717 3477 837 3562 aooipe,
861 3477 1021 3561 quomodo
1046 3477 1115 3545 das.

600 3617 706 3684 XVII.

193 3714 409 3782 Saturnalicio
432 3714 578 3782 Macrum
600 3716 750 3780 fraudare
771 3716 898 3783 tributo
1030 3772 1033 3777 .

133 3888 136 3894 .
224 3804 380 3894 Frustra,
404 3804 517 3894 Musa,
541 3806 645 3894 cupis:
666 3827 737 3871 non
753 3805 849 3869 lieetz
866 3800 1076 3891 ipaaffl,
