2408 4132
10 29 936 250 Εἶὲν-’.βψ
954 29 995 36 ”
1018 29 1065 35 “

339 493 636 550 EPIGRAMMATON
654 493 721 550 LlB.
740 494 786 550 XL
1003 493 1067 556 279

508 655 622 722 XCVI.

108 755 241 838 Marcia,
253 775 319 819 non
332 752 479 835 Rhenus,
499 753 574 816 salit
592 752 659 836 hic,
673 751 846 817 Germane:
866 753 943 837 quid
958 753 1067 818 obstas

150 843 195 907 Et
217 865 351 926 puerum
375 841 527 926 prohibes
551 841 662 905 divitis
684 841 788 906 imbre
811 842 922 906 lacus?

107 932 264 1014 Barbare,
286 953 352 995 non
375 930 483 1014 debet,
507 930 659 994 submoto
682 929 764 1013 cive,
787 929 935 994 ministro

152 1019 322 1103 Captivam
345 1019 461 1084 victrix
484 1018 569 1082 unda
592 1018 701 1083 levare
724 1019 818 1085 sltim.

502 1147 631 1215 XCVII.

106 1246 181 1311 Una
203 1250 297 1311 nocte
322 1249 436 1330 quater
458 1268 604 1331 possum:
628 1245 683 1310 sed
707 1248 861 1331 quattuor
884 1248 975 1311 annis

152 1332 186 1399 si
208 1356 356 1419 possum,
378 1356 521 1419 peream,
544 1338 577 1399 te
601 1333 755 1398 Telesilla
779 1335 887 1399 semel.

494 1465 640 1532 XCVIII.

107 1564 260 1649 Effugere
282 1584 349 1627 non
372 1565 433 1647 est,
455 1563 583 1647 Flacco,
606 1564 797 1630 basiatores.

107 1653 250 1734 Instant,
274 1655 455 1734 morantur,
478 1655 700 1736 persecuntur,
725 1656 910 1736 occurrunt,

107 1741 151 1804 Et
173 1741 248 1805 hinc
271 1743 304 1804 et
326 1739 428 1824 illinc,
450 1762 691 1826 usquequaque,
714 1763 910 1825 quacunque.

106 1828 139 1893 N
141 1851 182 1893 on
204 1828 296 1892 ulcus
320 1849 392 1893 acre
415 1831 602 1912 pustulaeve
625 1830 781 1914 lucentes,

81 1917 174 1981 sNec
196 1917 290 1981 triste
314 1920 457 1982 mentum
481 1917 663 2002 sordidique
688 1918 844 2004 lichenes,

107 2004 175 2070 Nec
197 2006 290 2070 labra
311 2005 425 2090 pingui
449 2005 592 2071 delibuta
615 2009 735 2089 cerato,

107 2093 175 2158 Nec
199 2094 359 2178 congelati
381 2096 476 2178 gutta
498 2093 643 2178 proderIt
664 2096 745 2158 nasi.

107 2183 152 2246 Et
175 2185 378 2246 aestuantem
402 2181 531 2246 basiant
554 2185 587 2245 et
610 2182 785 2265 algentem,

107 2271 151 2333 Et
173 2270 318 2354 nuptiale
340 2269 468 2334 basium
491 2273 719 2334 reservantem.

64 2375 97 2423 10
107 2357 182 2423 Non
203 2362 236 2423 te
259 2357 394 2424 cucullis
418 2360 541 2422 asseret
564 2361 661 2441 caput
683 2361 814 2442 tectum,

108 2445 237 2511 Lectica
257 2466 317 2510 nec
339 2449 371 2510 te
394 2449 467 2510 tuta
489 2445 574 2529 pelle
596 2445 744 2528 veloque,

108 2534 175 2599 Nec
198 2534 375 2598 vindicabit
397 2535 478 2600 sella
501 2533 629 2616 saepius
653 2534 756 2598 clusa:

107 2623 219 2687 Rimas
241 2644 298 2706 per
321 2644 432 2687 omnes
456 2621 600 2686 basiator
623 2622 768 2686 intrabit.

109 2711 182 2775 Non
206 2711 391 2775 consulatus
414 2711 497 2794 ipse,
519 2731 585 2775 non
606 2709 792 2774 tribunatus

65 2797 223 2864 15Senive
246 2799 363 2877 fasces,
386 2820 445 2864 nec
469 2799 606 2882 superba
629 2798 764 2864 clamosi

107 2887 243 2952 Lictoris
267 2887 379 2972 oblget
399 2889 493 2973 virga
514 2888 726 2952 basiatorem:

109 2974 225 3040 Sedeas
248 2975 282 3039 in
306 2977 374 3041 alto
397 2979 434 3041 tu
457 2976 533 3040 licet
555 2975 713 3040 tribunali

107 3064 152 3127 Et
175 3086 192 3127 e
216 3064 320 3128 curuli
341 3065 412 3129 iura
435 3065 586 3150 gentibus
610 3063 737 3148 reddas,

110 3152 271 3216 Ascendet
292 3152 349 3218 illa
372 3153 517 3218 basiator
541 3157 635 3237 atque
658 3152 726 3216 illa.

63 3256 98 3304 20
109 3240 358 3306 Febricitantem
381 3241 522 3306 basiabit
546 3245 578 3306 et
600 3241 744 3323 flentem,

107 3328 208 3393 Dabit
232 3329 384 3394 oscitanti
406 3329 531 3393 basium
555 3330 757 3411 natantIque,

110 3417 208 3482 Dabit
231 3420 264 3481 et
287 3417 421 3482 cacanti.
457 3417 646 3482 Remedium
669 3416 748 3480 mali
770 3415 874 3480 solum
898 3418 962 3495 est,

108 3505 220 3570 Facias
244 3506 383 3570 amicum
406 3506 533 3570 basiare
557 3528 652 3590 quem
674 3504 768 3569 nolis.

512 3645 626 3712 XCIX.

106 3742 156 3807 De
175 3744 330 3810 cathedra
348 3745 498 3830 quotiens
518 3744 625 3830 surgis
642 3778 679 3790 —
696 3743 763 3808 iam
782 3764 878 3827 saepe
900 3742 1020 3806 notavi
1031 3777 1073 3785 -

150 3831 326 3899 Paedicant
345 3833 498 3923 miserae,
520 3832 658 3916 lesbia,
676 3835 717 3900 rs
733 3830 884 3899 tunicae.
