2408 4132
92 456 157 522 260
417 456 455 513 M.
473 456 556 511 Van.
574 455 771 512 Manrlanls

529 615 652 682 XVIII.

135 706 286 792 Donasti,
309 705 413 791 Lupe,
436 728 490 771 rus
514 706 573 770 sub
597 706 677 771 urbe
698 705 808 789 nobis,

137 795 200 860 Sed
223 817 277 859 rus
301 799 352 860 est
375 794 455 859 mihi
478 795 583 859 maius
605 794 641 858 in
662 792 815 859 fenestra.

136 883 203 948 Rus
225 883 287 948 hoc
311 883 424 966 dicere,
446 904 500 946 rus
523 886 617 966 poles
639 882 777 947 vocare?

137 971 176 1035 In
199 994 261 1056 quo
285 975 358 1035 ruta
378 970 458 1034 fecii
479 991 592 1036 nemus
614 968 752 1054 Dianae,

111 1059 282 1144 5Argutae
305 1060 388 1143 legii
411 1059 463 1123 ala
486 1058 570 1142 quod
593 1057 735 1141 cicadae,

139 1147 230 1223 Quod
252 1147 388 1212 formIca
410 1147 460 1211 die
483 1146 621 1211 comedit
643 1167 721 1229 uno,

138 1235 253 1300 Clusae
277 1236 328 1300 cui
350 1235 465 1299 folium
487 1256 580 1299 rosae
603 1255 721 1299 corona
745 1237 807 1318 est3

137 1322 177 1388 In
199 1345 261 1408 quo
285 1345 350 1388 non
373 1324 478 1407 magis
501 1323 662 1387 invenitur
684 1322 797 1405 herba,

138 1410 241 1487 Quam
265 1410 375 1477 Cosmi
397 1411 511 1476 folium
533 1411 663 1495 piperve
687 1409 834 1495 crudum,

96 1499 177 1565 1011]
201 1521 263 1584 quo
285 1521 345 1563 neo
367 1498 509 1564 cucumis
527 1499 632 1564 iacere
654 1500 774 1583 reolus,

138 1587 206 1653 Nec
231 1609 361 1671 serpens
384 1586 531 1652 habitare
554 1590 625 1651 tota
647 1586 759 1669 possit.

140 1676 281 1742 Urucam
301 1676 385 1740 male
408 1674 513 1760 pascit
534 1675 648 1740 hortus
671 1696 782 1760 unam,

139 1762 338 1847 Consumpto
358 1763 496 1827 moritur
518 1763 603 1826 culix
627 1762 752 1846 salicto,

138 1852 184 1915 Ill
205 1851 296 1935 talpa
320 1854 369 1915 est
392 1850 472 1914 mihi
494 1849 601 1915 fossor
624 1853 721 1934 alque
744 1854 860 1916 arator.

97 1955 128 2003 15
138 1940 213 2004 Non
235 1939 365 2003 boletus
387 1939 490 2022 hiare,
512 1961 579 2003 non
601 1938 758 2003 mariscae

138 2027 255 2091 Ridere
278 2031 335 2091 aul
354 2027 460 2092 violae
483 2030 593 2110 patere
615 2030 762 2109 possunt.

138 2115 234 2180 Iiues
258 2137 329 2179 mus
352 2115 528 2200 populatur
550 2119 583 2179 el
605 2115 719 2180 colono

138 2204 306 2288 Tanquam
330 2225 383 2268 sus
407 2201 603 2287 Calydonius
626 2203 773 2285 limelur,
826 2269 828 2275 ,

137 2293 183 2357 El
207 2293 335 2357 sublata
356 2291 497 2357 volantis
519 2312 626 2378 ungue
648 2290 792 2375 Prognes

95 2397 128 2445 20
137 2381 176 2446 In
199 2380 275 2445 nido
299 2400 391 2465 seges
414 2384 464 2445 est
486 2379 709 2460 hirundinIno3

137 2468 183 2533 Et
206 2491 278 2534 cum
302 2473 366 2533 slei
390 2469 457 2533 sine
478 2467 563 2533 falce
586 2466 806 2551 menlulaque,

138 2557 213 2622 Non
236 2560 286 2620 esi
309 2556 441 2621 dimidio
465 2556 554 2621 locus
577 2555 703 2637 Priapo.

136 2644 201 2708 Vix
223 2644 339 2729 implet
361 2646 502 2711 cocleam
524 2648 656 2728 peracta
677 2641 806 2726 messia,

138 2732 183 2795 El
206 2736 349 2796 mustum
370 2754 450 2796 nuce
474 2732 639 2797 condimus
662 2732 778 2815 picata.

96 2833 129 2882 ae
139 2819 281 2901 Errasti,
303 2818 406 2903 Lupe,
428 2820 539 2884 littera
562 2820 618 2885 sed
640 2841 718 2884 una:

139 2904 223 2969 Nam
246 2926 309 2988 quo
332 2911 477 2988 tempore
499 2908 665 2990 praedium
688 2905 818 2990 dedisti,

139 2992 272 3057 Mallem
294 2997 331 3056 lu
353 2992 432 3056 mihi
455 2995 625 3077 prandium
648 2995 797 3060 dedisses.

554 3125 640 3190 XIX.

141 3211 287 3295 Quaeris,
310 3232 367 3276 cur
388 3211 491 3277 nolim
513 3218 546 3278 le
569 3214 696 3298 ducere,
719 3215 836 3281 Galla?
858 3214 990 3282 Diserta
1015 3239 1061 3286 es.

185 3298 287 3385 Saepe
311 3300 537 3366 soloecismum
560 3303 704 3367 mentula
726 3308 839 3370 nostra
860 3303 948 3371 facil.

559 3431 620 3498 XX

140 3519 286 3586 Caesaris
309 3520 450 3604 Augusti
472 3480 629 3605 lascivos,
646 3521 757 3607 livide,
780 3545 891 3588 versus

187 3607 249 3673 Sex
272 3609 357 3695 lege,
380 3609 434 3692 qui
457 3610 562 3674 aristis
583 3611 683 3675 verba
706 3611 809 3676 latina
831 3611 926 3696 legis:

144 3696 235 3776 Quod
245 3697 348 3779 fetuel
365 3696 736 3902 Glupdpwiua,
754 3699 833 3766 irone
853 3700 933 3765 mihi
944 3723 1080 3785 poenam

168 3785 297 3856 Fuluia
320 3789 484 3859 constituit
685 3789 759 3865 ,uli
777 3788 912 3868 futuroru.
