2408 4132
158 450 223 516 210
480 449 516 503 Μ.
535 447 616 503 VAL.
635 447 833 501 MARTIALIS

200 612 339 696 „Graece
361 610 535 695 numquid‘
559 610 605 674 ait
628 615 755 694 „poeta,
778 609 906 674 nescis?

176 701 361 784 olnscripta
384 707 434 764 est
457 701 544 764 basis
568 698 751 782 indicatque
773 698 920 762 nomen.“

203 791 379 852 Λυσίππου
400 789 488 873 lego,
511 787 645 850 Phidiae
668 786 791 870 putavi.

611 942 709 1008 XLV.

202 1051 295 1116 Miles
321 1049 545 1135 Hyperboreos
569 1050 678 1131 modo,
702 1049 903 1131 Marcelline,
926 1051 1051 1116 triones

245 1140 290 1204 Et
312 1139 416 1203 Getici
438 1138 560 1202 tuleras
585 1138 691 1202 sidera
713 1139 807 1222 pigra
829 1138 913 1222 poli:

201 1227 284 1292 Ecce
307 1227 492 1291 Promethei
514 1249 611 1310 rupes
634 1232 667 1290 et
690 1227 800 1291 fabula
825 1226 944 1290 montis

246 1314 349 1390 Quam
372 1338 472 1399 prope
496 1323 573 1379 sunt
595 1314 697 1379 oculis
721 1337 805 1378 nunc
829 1315 975 1387 adeunda
997 1316 1080 1380 tuis!

177 1403 330 1468 oVideris
353 1403 519 1467 immensis
543 1426 615 1467 cum
639 1405 839 1468 conclamata
863 1403 1015 1486 querellis

247 1492 332 1557 Saxa
356 1493 455 1575 senis,
478 1493 563 1556 dices
586 1492 725 1576 „Durior
747 1492 817 1574 ipse
841 1491 929 1554 ruitf‘

202 1581 246 1646 Et
269 1582 344 1645 licet
367 1581 446 1645 haec
468 1580 580 1644 addas:
604 1580 732 1661 „Potuit
755 1579 810 1663 qui
833 1580 912 1643 talia
934 1580 1034 1666 ferre,

245 1667 431 1733 Humanum
454 1669 570 1733 merito
594 1669 732 1732 finxerat
754 1669 807 1731 ille
830 1669 960 1753 genus.“

603 1825 717 1890 xnvr.
746 1807 749 1811 ’

204 1933 326 1997 Gellius
350 1932 498 1996 aedificat
522 1953 658 2016 semper:
682 1932 776 1996 modo
800 1932 916 1998 limina
937 1933 1043 2017 ponit,

247 2021 340 2086 Nunc
362 2020 486 2084 foribus
511 2021 616 2085 clares
641 2025 732 2104 aptat
755 2021 895 2105 emitque
919 2043 1020 2100 seras,

203 2109 298 2174 Nunc
320 2109 393 2190 has,
415 2131 500 2173 nunc
522 2109 597 2172 illas
621 2111 723 2172 reiicit
746 2115 914 2193 mutatque
938 2113 1112 2196 fenestras3

246 2197 332 2262 Dum
356 2201 485 2261 tantum
509 2198 665 2278 aedificet,
690 2197 847 2282 quidlibet
870 2199 925 2262 ille
947 2197 1026 2263 facit
1046 2235 1086 2246 -·

177 2285 317 2350 oOranti
339 2309 488 2351 nummos
512 2290 548 2350 ut
572 2287 674 2350 dicere
697 2285 802 2369 possit
825 2286 929 2350 auiico

248 2374 355 2440 Unum
377 2375 459 2439 illud
482 2376 614 2440 verbum
640 2374 760 2438 Gellius
782 2373 974 2458 „Aedifico.“

595 2532 725 2598 XLVII.

203 2637 420 2720 Democritus,
443 2638 589 2703 Zenonas
613 2640 880 2724 inexplicitosque
903 2639 1057 2706 Platonas

249 2727 408 2811 Quidquid
431 2733 463 2791 et
485 2727 619 2792 hirsutis
644 2728 772 2812 squalet
793 2729 1004 2814 imaginibus,

205 2813 257 2880 Sic
281 2816 374 2898 quasi
397 2815 602 2898 Pythagorae
625 2816 767 2899 loqueris
790 2839 955 2881 successor
978 2821 1012 2882 et
1033 2817 1140 2886 heres.

248 2902 448 2986 Praependet
471 2925 547 2966 sane
570 2925 629 2967 neo
651 2906 713 2967 tibi
736 2905 837 2968 barba
861 2907 980 2970 minor:

179 2989 266 3055 oded
290 2991 375 3074 quod
399 2995 431 3054 et
453 2991 589 3056 hircosis
614 3013 720 3055 serum
743 2996 793 3055 est
816 2998 848 3057 et
871 2998 966 3078 turpe
988 2993 1122 3080 pilosis,

249 3079 288 3143 In
311 3079 403 3143 molli
426 3080 565 3164 rigidam
589 3081 682 3144 clune
705 3079 845 3145 libenter
867 3080 978 3147 habes.

205 3167 267 3250 Tu,
290 3168 345 3251 qui
369 3180 526 3232 sectarum
550 3190 662 3232 causas
687 3172 719 3232 et
742 3170 886 3252 pondera
907 3172 1009 3253 nosti,

250 3256 310 3321 Dic
333 3256 427 3338 mihi,
448 3256 583 3340 percidi,
608 3256 792 3342 Pannyche,
816 3259 935 3344 dogma
958 3259 1043 3347 quod
1066 3262 1144 3326 est?

589 3414 737 3480 XLVIII.

205 3519 364 3585 Heredem
388 3543 459 3586 cum
483 3543 534 3585 me
557 3521 660 3604 partis
684 3523 760 3605 tibi,
784 3521 929 3606 Garrire,
953 3531 1088 3608 quartae

252 3610 311 3674 Per
333 3613 390 3673 tua
412 3610 534 3674 iurares
560 3631 651 3675 sacra
674 3615 833 3695 caputque
857 3616 963 3693 tuum,

205 3696 419 3782 Credidimus,
432 3735 469 3745 -
482 3700 552 3782 quis
564 3699 647 3763 enim
659 3700 789 3764 damnet
799 3722 857 3763 sua
866 3707 943 3765 vota
952 3700 1115 3766 libenter?
1127 3739 1169 3750 —

237 3786 288 3850 nt
308 3809 402 3873 spem
425 3788 617 3855 muneribus
640 3789 781 3856 fovimus
802 3811 904 3873 usque
927 3788 1019 3853 datis.
