2408 4132
155 429 195 492 18
480 427 517 481 11.
537 425 617 479 vm.
637 423 835 480 1111111111

530 587 534 595 ’
596 589 713 653 XXXI.

195 697 266 761 Hos
289 696 365 780 tibi,
386 696 529 777 Phoebe,
551 700 648 759 vovet
669 698 758 759 totos
781 718 801 759 a
825 695 943 759 vertice
967 695 1070 758 crines

239 785 419 868 Encolpos,
443 784 565 848 domini
588 783 785 848 centurionis
810 805 914 865 amor,

197 872 300 937 Grata
320 872 447 936 Pudens
471 872 580 936 meriti
602 872 716 935 tulerit
739 893 812 936 cum
834 870 979 956 praemia
1001 871 1069 955 pili.

240 960 344 1036 Quam
367 963 509 1044 primum
531 961 661 1044 longae,
683 958 828 1042 Phoebe,
850 959 956 1023 recide
979 981 1103 1041 comas,

170 1050 283 1115 oDum
304 1050 396 1112 nulla
418 1049 521 1112 teneri
544 1049 675 1112 sordent
697 1047 852 1131 lanugine
874 1049 985 1112 vultus

239 1137 388 1220 Dumque
412 1136 525 1200 decent
547 1135 639 1200 fusae
662 1137 768 1200 lactea
791 1136 876 1200 colla
897 1135 1006 1218 iubac;
1132 1154 1134 1159 ·

195 1224 304 1309 thue
327 1226 392 1288 tuis
415 1225 550 1310 longum
574 1224 784 1307 dominusque
807 1244 949 1307 puerque
972 1224 1124 1288 fruantur

240 1313 442 1397 Muneribus,
465 1318 596 1377 tonsum
618 1313 670 1377 fac
694 1312 772 1396 cito,
796 1333 866 1376 sero
890 1313 1003 1377 virum.

586 1453 719 1517 XXXII.

82 1623 85 1630 .
195 1560 270 1625 Non
294 1582 366 1624 amo
389 1563 436 1642 te,
460 1557 585 1640 Sabidi,
608 1580 667 1623 nec
689 1581 822 1643 possum
846 1558 950 1623 dicere
973 1580 1086 1641 quare:

239 1648 311 1714 Hoc
333 1651 462 1712 tantum
484 1669 619 1730 possum
642 1648 761 1731 dicere,
782 1669 849 1712 non
873 1668 945 1711 amo
968 1650 1010 1713 te.

579 1804 729 1870 XXXIII.

194 1912 361 1977 Amissum
384 1934 450 1976 non
471 1912 529 1975 fiet
551 1933 625 1976 cum
648 1913 718 1976 sola
742 1915 791 1975 est
815 1911 920 1975 Gellia
942 1916 1081 1998 patrem,
1137 1889 1140 1895 '

239 1999 273 2065 si
297 2002 368 2084 quis
393 2000 497 2082 adest,
520 2001 627 2064 iussae
650 2000 824 2084 prosiliunt
846 2001 1007 2066 lacrimae.

194 2088 269 2153 Non
292 2088 383 2172 luget
406 2089 551 2172 quisquis
575 2087 714 2172 laudari,
737 2087 856 2170 Gellia,
880 2090 1014 2172 quaerit,
1124 2149 1127 2154 .

238 2176 300 2240 Ille
324 2177 413 2241 dolet
434 2199 523 2259 vere,
547 2177 603 2262 qui
626 2176 694 2241 sine
717 2179 801 2240 teste
825 2177 920 2241 dolet.

578 2334 726 2399 XXXIV.

193 2442 404 2507 Incustoditis
428 2445 461 2507 et
483 2443 618 2525 apertis,
641 2441 772 2523 Lesbia,
796 2463 923 2525 semper

238 2531 417 2594 Liminibus
441 2552 555 2614 peccas
577 2551 637 2593 nec
659 2534 717 2593 tua
739 2531 827 2594 furta
849 2531 949 2614 tegis,

194 2619 238 2681 Et
260 2619 334 2702 plus
358 2621 522 2702 spectator
546 2639 644 2701 quam
666 2621 699 2681 11
723 2618 861 2682 delectat
883 2618 1010 2683 adulter

239 2705 307 2770 Nec
330 2710 405 2769 sunt
429 2709 524 2790 grata
546 2704 608 2769 tibi
631 2705 800 2790 gaudiosi
824 2729 887 2790 qua
910 2708 1023 2774 latent.

169 2793 241 2858 oAt
263 2793 416 2857 meretrix
440 2793 543 2877 abigit
565 2797 683 2856 testem
706 2794 842 2878 veloque
866 2816 999 2878 seraque

238 2881 388 2965 Raraque
412 2879 600 2946 Summoeni
622 2880 743 2946 fornice
767 2887 850 2946 rIma
872 2887 972 2967 patet.

194 2970 224 3033 A
250 2968 371 3034 Chione
395 2970 512 3033 saltem
534 2969 586 3033 111
610 2970 651 3033 ab
673 2968 749 3034 Iade
773 2971 858 3036 disce
881 2972 1050 3055 pudorem:

238 3057 453 3122 Abscondunt
476 3079 608 3142 spurcas
632 3062 666 3122 et
689 3063 898 3124 monumenta
920 3060 1023 3143 lupas.

195 3145 361 3230 Numquid
384 3146 463 3210 dura
486 3146 547 3210 tibi
569 3146 706 3211 nimium
730 3169 866 3212 censura
887 3147 1035 3213 videtur?

152 3252 184 3300 10
238 3233 403 3318 Deprendi
426 3238 500 3300 veto
523 3239 570 3318 te,
593 3235 724 3319 Lesbia,
747 3259 814 3301 non
834 3236 928 3301 futui.
952 3251 954 3255 ·

588 3394 721 3487 1111,

195 3498 317 3564 Versus
341 3500 482 3564 scribere
504 3523 556 3565 me
579 3524 694 3586 parum
718 3523 846 3566 severos

194 3588 263 3652 Nec
287 3610 367 3672 quos
389 3590 558 3674 praelegat
581 3591 615 3653 in
638 3590 750 3654 schola
773 3588 944 3676 magister,

195 3674 339 3760 Corneli,
362 3677 517 3760 quereris:
541 3677 598 3741 sed
619 3678 655 3741 hi
677 3678 794 3760 libelli,
905 3746 910 3753 ,

190 3765 359 3847 Tanquam
383 3765 578 3854 coniugibus
601 3767 668 3831 suis
693 3765 815 3852 mariti,
888 3836 918 3843 ,,
946 3762 1119 3879 Qffij,
