2408 4132
340 359 637 416 EPIGRAMMATON
655 361 721 416 LIB.
741 364 774 418 II.
1018 360 1060 425 47
1090 444 1096 455 .

508 497 910 605 xxx&

97 626 168 690 Mut
155 631 211 690 tua
234 627 353 713 viginti
376 629 503 692 sestert'
480 633 526 692 tra
548 628 631 692 forte
600 630 824 713 terogabam,

142 714 232 791 Quae
256 717 307 779 vel
331 716 466 781 donanti
487 738 554 780 non
577 739 675 801 grave
698 739 814 782 munus
838 720 917 781 erat.

97 803 222 887 Quippe
245 806 383 888 rogabat
384 827 423 868 ur
446 804 586 889 felixque
609 808 765 889 vetusque
788 805 908 870 sodalis

139 891 184 955 Elt
207 891 297 956 ouius
320 893 411 957 laxas
435 914 509 984 area
531 892 628 977 flagel
630 893 679 956 lat
702 915 788 976 opes.
797 883 1002 1014 Q
1019 876 1104 985 (η

69 979 128 1043 als
151 978 232 1043 mihi
255 980 373 1062 „Dives
398 973 493 1064 eris,
494 976 526 1045 si
545 1002 658 1045 causas
682 979 795 1066 egeris‘
797 979 941 1064 ‘inquit

140 1066 232 1142 Quod
255 1073 331 1152 peto
297 1069 411 1142 t,da
434 1031 509 1132 G'ai:
532 1089 599 1132 non
621 1072 697 1152 peto
663 1068 899 1134 tconsilium.

495 1261 731 1325 XXXI„

96 1363 198 1450 Saepe
213 1386 274 1451 ego
290 1364 496 1431 Chrestinam
509 1367 602 1431 futui
621 1366 687 1432 Det
700 1390 797 1452 quam
811 1369 892 1431 bene
907 1365 1058 1451 quaeris?
1160 1356 1162 1360 Α

140 1453 244 1538 Supra
268 1455 353 1538 quod
375 1455 446 1520 fieri
467 1455 530 1539 nil,
552 1454 709 1539 Mariane,
732 1460 850 1540 potest.

450 1647 618 1723 XXXII.

93 1752 148 1816 Lis
162 1753 243 1817 mihi
257 1775 329 1817 eum
343 1750 513 1818 Balbot
464 1758 513 1818 est
517 1759 577 1836 ‚tu
591 1752 732 1818 Balbum
747 1754 906 1820 offendere
919 1778 986 1820 non
999 1756 1056 1837 vis,

132 1840 278 1905 Pontice:
286 1840 474 1906 oumhremo
484 1845 543 1924 est
549 1842 602 1906 hro
610 1864 879 1928 quoquemagnus
888 1844 985 1908 homo
998 1847 1055 1908 est
1145 1922 1147 1928 .

93 1928 199 1992 Vexat
185 1933 318 2012 tsaepe
341 1951 449 1993 meum
471 1928 534 1993 Pat
520 1892 632 1994 thebas
656 1930 790 1995 confinis
814 1931 969 2016 agellum,

137 2014 220 2081 (lont
206 2021 259 2080 tra
280 2017 378 2081 libert
364 2022 435 2081 tum
458 2015 637 2081 Caesaris
627 2039 674 2081 ue
697 2017 803 2084 times.

65 2103 246 2188 sAbnegat
269 2107 302 2168 et
324 2105 443 2168 retinet
464 2109 539 2169 nost
540 2127 612 2169 rum
634 2103 775 2169 Laronia
799 2127 941 2189 servum,

136 2192 321 2276 Respondes
344 2191 451 2275 „Orba
474 2198 537 2276 est,
560 2193 663 2276 dives,
688 2215 781 2277 anus,
804 2193 926 2258 vidua.“

91 2280 167 2346 Non
189 2282 286 2362 bene,
308 2280 400 2345 erede
424 2280 518 2364 mihi,
541 2302 633 2346 servo
658 2281 798 2346 servitur
822 2281 939 2346 amieo:

137 2368 187 2433 Sit
210 2368 305 2446 liber,
329 2368 478 2434 dominus
502 2369 558 2452 qui
580 2370 669 2434 volet
692 2391 762 2434 esse
785 2391 885 2434 meus.

474 2562 624 2627 XXXIII.

91 2667 156 2732 Cur
177 2690 244 2733 non
265 2668 358 2734 basio
380 2672 427 2753 te,
450 2668 620 2733 Philaem'?
643 2671 734 2734 salva
757 2691 800 2734 es.

90 2755 155 2820 Gur
177 2778 244 2821 non
264 2757 357 2821 basIo
380 2760 427 2840 te,
449 2755 620 2822 Philaeni?
643 2757 717 2822 rufa
740 2780 782 2822 es.

91 2843 155 2908 Cur
177 2867 242 2909 non
265 2845 357 2909 basio
380 2850 426 2928 te,
448 2843 620 2910 Philaeni?
643 2846 733 2910 lusea
757 2867 800 2910 es.

89 2931 179 2997 Haeo
202 2933 257 3017 qui
280 2933 401 3017 basiat,
425 2955 443 2998 o
466 2933 629 3011 Philaeni,
651 2933 754 2998 fellat.

473 3143 622 3210 XXXIV.
713 3168 715 3173 ·

88 3248 169 3314 (lum
191 3250 320 3334 placeat
342 3248 564 3314 Philerostt
514 3249 669 3315 totatibi
693 3249 767 3313 dote
790 3249 976 3335 redemptus

131 3337 211 3401 Tres
234 3342 291 3422 pat
293 3338 355 3402 eris
378 3341 489 3421 natos,
513 3337 622 3418 Galla,
645 3338 750 3420 perire
772 3337 868 3403 fame.

87 3426 201 3490 Praest
187 3430 278 3490 tatur
301 3448 380 3491 cano
404 3429 499 3491 tanta
522 3426 722 3510 indulgentia
744 3448 862 3506 cunno,

131 3514 233 3590 Quem
255 3536 315 3579 neo
338 3517 429 3579 easta
452 3514 593 3598 potest
584 3535 649 3576 1am
673 3512 818 3578 decuisse
842 3476 962 3578 llenus.

59 3601 279 3687 sPerpetuam
303 3602 335 3666 di
357 3606 390 3666 te
412 3602 536 3666 faeiant
558 3600 736 3666 Philerotis
760 3601 921 3679 amisero,

130 3689 293 3775 Omater,
318 3712 382 3777 qua
403 3713 465 3759 nee
488 3690 611 3761 Pontia
635 3692 794 3762 (laterior.
