2408 4132
91 435 134 500 96
416 432 454 488 M.
475 431 553 487 VAL.
571 430 767 486 MARTIALIS

551 592 636 658 LIII.

12 700 17 711 '
135 700 242 782 Hunc,
265 723 359 784 quem
384 723 478 786 saepe
500 700 590 765 vides
613 699 699 763 intra
721 699 902 783 penetralia
923 705 1064 770 nostrae

178 788 330 854 Pallados
354 793 386 853 et
409 789 524 872 templi
547 788 674 870 limina,
697 786 826 869 Oosme,
848 788 925 853 novi

135 875 217 942 Cum
239 878 355 942 baculo
378 898 519 961 peraque
542 897 665 959 senem,
689 875 740 940 oui
763 898 843 940 cana
864 875 1040 963 putrisque

179 964 252 1030 Stat
276 986 367 1030 coma
391 965 455 1028 et
446 986 481 1027 ιιι
503 969 615 1048 pectus
638 926 768 1028 sbrdida
790 964 890 1028 barba
913 965 1016 1053 cadit,

108 1051 235 1118 oOerea
257 1075 354 1136 quem
376 1051 491 1117 nudit
477 1052 560 1136 tegit
582 1072 663 1116 uxor
686 1052 796 1116 abolla
819 1053 964 1140 grabati,

179 1139 240 1206 Oui
262 1142 319 1204 dat
340 1141 478 1204 latratos
502 1141 598 1204 obvia
620 1140 718 1204 turba
740 1139 843 1223 cibos,

133 1230 217 1295 Esse
239 1232 335 1313 putas
359 1227 518 1311 Cynicum
541 1228 727 1313 deceptus
717 1229 860 1313 imagine
881 1228 973 1296 ficta:

177 1316 254 1382 Non
277 1320 328 1381 est
349 1317 402 1381 hio
426 1315 579 1400 Cynicus,
602 1315 732 1381 Oosmc:
760 1316 837 1401 quid
859 1318 961 1401 ergo?
988 1317 1103 1389 Oanis.

551 1473 636 1540 LIV.

135 1579 162 1645 Ο
188 1580 239 1645 cui
262 1578 415 1665 Tarpeias
438 1581 531 1645 licuit
554 1581 741 1665 contingere
765 1602 899 1664 quercus

178 1668 223 1731 Ilt
245 1669 378 1733 meritas
400 1669 506 1752 prima
529 1669 655 1753 cingere
677 1669 790 1734 fronde
813 1691 935 1754 comas,

137 1755 171 1821 Si
196 1755 296 1840 sapis,
319 1757 423 1820 utaris
446 1758 540 1841 totis,
563 1755 703 1840 Collina,
727 1757 838 1822 diebus

179 1843 434 1928 Extremumque
456 1845 518 1909 tibi
541 1867 668 1928 semper
691 1845 802 1910 adesse
824 1850 929 1931 putee.

108 1932 293 1996 oLanificas
316 1933 398 1997 nulli
420 1937 488 1998 tres
512 1955 642 1998 exorare
665 1934 790 2017 puellas

178 2019 338 2105 Contigit:
361 2022 537 2087 observant
559 2044 654 2106 quem
678 2026 820 2087 statuere
843 2022 937 2088 diem.

134 2106 278 2175 Divitior
300 2107 430 2195 Crispo,
453 2111 597 2175 Thrasea
619 2111 820 2175 constantior
840 2110 913 2195 ipso

179 2198 313 2262 Lautior
336 2203 369 2262 et
390 2199 494 2264 nitido
519 2199 564 2264 sis
587 2198 721 2265 Meliore
744 2199 833 2263 licet:

134 2285 192 2351 Nil
216 2286 314 2352 adicit
336 2309 436 2372 penso
460 2287 613 2353 Lachesis
635 2287 789 2371 fusosque
813 2308 961 2354 sororum

91 2391 124 2439 ιο
177 2375 331 2460 Explicat
354 2380 386 2440 et
410 2399 536 2462 semper
559 2376 598 2440 de
620 2377 727 2447 tribus
749 2397 814 2440 una
836 2379 931 2442 secat

560 2516 628 2582 LV

133 2620 225 2703 Luci,
249 2621 354 2706 gloria
376 2625 560 2705 temporum
582 2626 726 2706 tuorum,

135 2709 196 2783 oui
217 2671 336 2773 liaium
358 2715 500 2774 veterem
523 2711 713 2797 Tagumque
735 2714 884 2776 nostrum

134 2795 233 2878 Arpis
257 2797 367 2859 cedere
389 2818 456 2860 non
478 2798 556 2861 sinis
581 2799 724 2863 disertis:

134 2882 275 2968 Argivas
300 2887 433 2968 generat
434 2907 472 2948 us
495 2885 580 2950 inter
602 2888 698 2950 urbes

108 2971 261 3035 oThebas
285 2971 426 3035 carmine
449 2994 509 3037 ean
509 2977 557 3037 tet
581 2978 638 3038 aut
659 2975 715 3058 My
717 2997 824 3062 cenas,

133 3058 202 3122 Aut
224 3060 345 3123 claram
367 3058 584 3125 Rhodont
529 3066 584 3126 aut
606 3063 804 3129 libidinosae

134 3145 275 3211 Ledaeas
297 3148 554 3214 Lacedaemonos
577 3152 703 3235 palaest
689 3156 770 3216 trzas

133 3233 204 3299 Nos
228 3234 328 3301 Celtis
352 3237 480 3320 genitos
504 3242 598 3304 etex
620 3239 751 3304 Hiberis

134 3321 276 3388 Nostrae
297 3324 431 3389 nomina
454 3325 619 3392 duriorat
605 3331 710 3392 terrae

92 3425 124 3474 ιο
136 3409 236 3475 Grato
259 3434 324 3476 non
347 3413 467 3497 pudeat
490 3414 609 3480 referre
632 3437 740 3480 versu:

135 3497 237 3565 Saevo
261 3499 396 3567 Bilbilin
419 3504 575 3587 optimam
598 3505 744 3588 metallo,

135 3586 223 3663 Quae
246 3589 347 3654 vincit
370 3589 597 3677 Chalybasque
620 3591 834 3677 Noricosque,

134 3675 179 3740 nt
201 3675 287 3742 ferro
310 3677 385 3744 Plat
371 3683 458 3744 team
482 3701 539 3744 suo
563 3685 746 3767 sonantem,

132 3763 235 3841 Quam
258 3766 488 3857 bromtonum,
513 3768 569 3835 sed
590 3770 736 3858 inquieto
