2408 4132
360 516 655 576 EPIGRAMMATON
673 522 741 577 LIB.
760 521 819 577 XII.
857 473 859 477 '
1027 516 1091 585 293

104 683 187 749 aNil
205 688 315 747 tamen
333 683 462 747 omnino
482 687 629 767 praestas
648 683 736 747 mihi.
760 681 957 769 „Mortuusj‘
970 683 1091 768 inquis,

174 772 359 856 „Accipiam
381 772 463 835 bene
486 771 547 835 le.“
581 770 639 835 Nil
662 772 750 836 volo:
774 772 831 835 sed
853 792 992 837 morere·

548 927 632 993 XLI.

131 1035 208 1100 Non
230 1039 292 1117 eal,
315 1034 434 1120 Tuooa,
458 1035 550 1118 salis,
574 1035 659 1119 quod
682 1055 715 1100 es
739 1036 886 1120 gulosus:

131 1125 176 1189 Et
200 1124 263 1188 dici
287 1125 377 1208 oupis
401 1127 434 1187 el
457 1124 546 1206 oupis
568 1122 678 1189 videri.

541 1278 641 1346 XLII.

131 1387 292 1452 Barbatus
316 1387 421 1472 rigido
444 1388 555 1472 nupsit
578 1386 784 1453 Callistratus
806 1387 902 1469 Afro,

176 1475 247 1540 Hae
269 1498 333 1560 qua
355 1478 428 1561 lege
450 1476 521 1541 viro
545 1477 666 1540 nubere
688 1476 781 1560 virgo
805 1477 898 1540 solet.

131 1563 323 1629 Praeluxere
346 1564 446 1648 faces,
468 1564 619 1628 velarunt
641 1562 791 1628 flammea
812 1566 934 1648 rullus,

176 1651 244 1717 Neo
266 1656 323 1716 lua
346 1651 518 1716 defuerunt
539 1653 651 1735 verba,
675 1652 820 1736 Temese,
843 1652 914 1717 libi.

106 1739 201 1806 5Dos
225 1740 322 1805 eliam
346 1741 432 1805 diota
455 1744 513 1805 est.
553 1739 705 1805 Nondum
729 1741 804 1823 tibi,
825 1741 943 1824 Roma,
966 1739 1092 1805 videlur

177 1827 249 1894 Hoo
272 1829 373 1893 salis?
397 1834 545 1912 expectas
568 1828 724 1914 numquid
747 1833 784 1894 ut
807 1831 840 1894 el
861 1829 990 1912 pariat?

532 1982 649 2054 XLIH.

133 2093 300 2159 Facundos
323 2093 405 2157 mihi
427 2094 464 2158 de
487 2092 670 2158 libidinosis

133 2182 259 2268 Legieli
280 2183 429 2266 nimium,
453 2179 594 2263 Sabelle,
617 2203 741 2265 versus,

135 2271 252 2346 Quales
274 2291 333 2334 neo
355 2269 514 2352 Didymae
538 2269 644 2333 soiunl
665 2270 793 2353 puellae

133 2358 202 2423 Neo
224 2359 339 2423 molles
361 2357 598 2440 Elephantidos
622 2357 735 2421 libelli.

108 2448 219 2512 oSunl
239 2446 307 2510 illio
329 2444 467 2510 Veneris
489 2467 591 2509 novae
613 2445 750 2530 figurae,

135 2534 254 2611 Quales
277 2533 421 2619 perditus
445 2533 561 2597 audeat
583 2533 721 2617 fututor,

134 2625 306 2688 Praeslenl
329 2625 362 2686 ei
382 2624 512 2699 taceant
535 2621 612 2706 quid
635 2621 765 2704 exoleti,

135 2711 205 2787 Quo
229 2711 464 2795 symplegmate
488 2710 627 2794 quinque
650 2711 854 2792 copulentur,

135 2799 205 2874 Qua
227 2800 336 2883 plures
360 2802 533 2864 teneantur
556 2821 575 2862 a
598 2801 725 2880 eatena,

90 2905 124 2952 ιο
134 2888 325 2952 Extinctam
347 2887 446 2952 lioeal
469 2887 545 2972 quid
568 2887 611 2951 ad
633 2887 805 2951 lucernam.

134 2975 231 3040 Tanti
252 2996 319 3040 non
341 2979 424 3060 eral,
447 2996 517 3041 esse
540 2979 572 3040 te
596 2975 760 3040 disertum.

537 3130 653 3199 XLIV.

134 3236 249 3321 Uniae,
273 3241 412 3323 cognato
435 3239 580 3304 iunctum
602 3240 684 3304 mihi
707 3239 864 3324 sanguine
885 3259 1004 3303 nomen

180 3325 242 3400 Qui
265 3330 349 3411 geris
373 3332 406 3391 el
430 3329 537 3392 studio
562 3328 659 3393 eorde
681 3330 864 3413 propinqua
887 3327 979 3409 meis3

136 3413 286 3480 Carmina
309 3438 383 3481 oum
404 3415 504 3492 facias
528 3417 589 3480 soli
613 3416 758 3481 cedentia
779 3415 887 3492 fratri,

179 3502 312 3568 Pectore
334 3526 399 3568 non
423 3505 529 3568 minor
552 3527 599 3584 es,
623 3505 679 3568 sed
701 3504 822 3588 pielale
845 3502 943 3586 prior.
993 3522 995 3526 ⁴

108 3590 255 3655 5Lesbia
278 3613 350 3656 oum
373 3591 480 3676 lepido
504 3596 537 3656 le
560 3597 671 3676 posset
694 3612 801 3656 amare
825 3589 969 3674 Catullo,
997 3629 1000 3633 ·

179 3679 224 3743 'l'e
248 3685 324 3763 posi
345 3678 508 3744 Nasonem
531 3681 650 3745 blanda
673 3678 815 3745 Corinna
838 3679 938 3764 sequi

134 3767 204 3833 Neo
227 3768 361 3833 deerani
382 3769 526 3852 zephyri,
550 3769 578 3833 si
600 3773 634 3834 le
657 3768 734 3833 dare
756 3768 834 3833 uela
852 3768 1002 3847 iurarem„

178 3855 241 3920 Sed
265 3860 299 3921 lu
322 3858 402 3923 lilus
425 3879 527 3924 amas.
564 3857 640 3926 Hoo
664 3879 800 3946 quoque
821 3851 1095 3922 nunname-
