2408 4132
71 25 1196 242 υ

50 521 52 526 .
136 457 200 538 158
417 512 418 515 .
461 472 498 529 n.
517 471 816 527 prinnannus

180 636 225 702 Te
248 637 303 721 pia
326 634 499 720 Cecropiae
522 635 696 700 comitatur
718 636 815 699 turba
838 634 1015 719 Minervae,

225 724 270 789 Te
293 729 417 789 secreta
440 724 543 808 quies,
566 727 599 787 te
624 724 745 808 sophos
769 723 873 787 omnis
898 728 995 789 amat.

154 813 226 878 sAt
247 813 378 878 iuvenes
402 813 483 877 alios
505 811 614 877 fracta
635 812 714 877 colit
737 833 813 876 aure
836 812 994 897 magister

222 901 268 966 Et
290 901 379 984 rapit
400 900 579 965 immeritas
603 899 751 965 sordidus
773 902 890 965 unctor
913 921 999 984 opes.

178 988 254 1055 Non
276 990 357 1073 pila,
379 1011 444 1053 non
466 988 569 1071 follis,
591 1010 656 1053 non
679 991 712 1053 te
735 988 894 1072 paganica
917 988 1052 1053 thermis

221 1077 412 1162 Praeparat,
436 1079 492 1141 aut
514 1076 593 1141 nudi
617 1076 739 1160 stipitis
763 1076 845 1142 ictus
869 1077 982 1161 hebes,

177 1164 267 1230 Vara
288 1187 347 1243 nec
369 1165 404 1229 in
426 1165 515 1230 lento
539 1169 700 1230 ceromate
723 1164 857 1229 brachia
878 1164 998 1249 tendis,

137 1271 169 1318 10
221 1253 299 1320 Non
319 1253 476 1338 harpasta
497 1274 600 1337 vagus
624 1253 850 1337 pulverulenta
872 1254 976 1338 rapis,

179 1340 242 1406 Sed
264 1343 368 1406 curris
389 1342 501 1407 niveas
523 1344 652 1406 tantum
674 1363 776 1426 prope
798 1340 945 1426 Virginis
967 1340 1092 1424 undas,

223 1431 290 1494 Aut
313 1430 369 1493 ubi
392 1428 524 1495 Sidonio
547 1433 659 1494 taurus
683 1451 794 1494 amore
817 1430 910 1494 calet.

177 1517 239 1582 Per
262 1517 370 1583 varias
394 1523 494 1599 artes,
518 1518 622 1582 omnis
647 1518 764 1602 quibus
788 1539 864 1582 area
887 1517 1000 1601 servit,

221 1605 358 1689 Ludere,
381 1629 452 1671 oum
475 1607 573 1670 liceat
597 1628 736 1688 currere,
759 1606 895 1689 pigritia
918 1609 975 1671 est

562 1736 713 1801 XXXIII.

179 1832 344 1898 Sordidior
366 1854 465 1897 caeno
489 1855 561 1898 curn
585 1834 629 1897 sit
651 1837 743 1918 toga,
766 1834 892 1899 calceus
916 1837 1024 1900 autem

50 1950 80 1984 x
223 1920 398 1986 Candidior
419 1922 524 2005 prima
548 1921 592 1985 sit
614 1921 691 2000 tibi,
714 1920 830 2000 Cinna,
851 1923 939 1989 nive:

177 2008 310 2074 Deiecto
335 2008 424 2093 quid,
448 2011 570 2094 inepte,
593 2009 691 2093 pedes
714 2010 880 2094 perfundis
904 2009 1046 2077 amictu?

223 2096 362 2182 Collige,
386 2095 504 2182 Cinna,
527 2101 653 2183 togam,
677 2099 803 2164 calceus
826 2121 898 2168 ecce
920 2100 1013 2183 perit

562 2237 837 2310 XXXIV..

179 2334 248 2410 Quo
271 2337 377 2420 possit
400 2337 473 2401 fieri
496 2337 606 2420 modo,
630 2335 759 2418 Severe,

178 2424 225 2489 Ut
246 2425 296 2488 vir
317 2426 477 2509 pessimus
501 2425 647 2489 omnium
670 2422 829 2489 Charinus

177 2512 284 2577 Unam
307 2534 377 2577 rem
394 2514 481 2578 'bene
502 2512 630 2594 feeerit,
651 2512 813 2598 requiris?

176 2601 304 2682 Dicam,
327 2601 383 2665 sed
406 2601 479 2665 cito.
517 2600 601 2676 Quid
622 2600 750 2665 Nerone
767 2601 889 2686 peius?

152 2689 263 2765 aQuid
285 2688 420 2753 thermis
444 2689 560 2753 melius
583 2688 802 2754 Neronianis?

175 2777 254 2841 Non
276 2777 366 2841 deest
388 2777 549 2860 protinus,
573 2799 658 2861 ecce,
682 2777 720 2842 de
746 2777 912 2863 malignis,

179 2864 242 2940 Qui
265 2865 311 2928 sic
333 2864 501 2928 rancidulo
522 2865 676 2948 loquatur
701 2886 770 2929 ore:

177 2950 243 3034 „Ut
265 2951 342 3034 quid
364 2958 401 3016 tu
424 2951 545 3016 domini
568 2952 681 3036 deique
703 2953 809 3017 nostri

178 3037 325 3103 Praefers
349 3039 535 3105 muneribus
558 3039 802 3105 Neronianas‘?“

136 3145 168 3192 10
178 3127 335 3192 Thermas
357 3127 504 3212 praefero
527 3128 653 3194 balneis
677 3129 809 3194 cinaedi.

572 3268 704 3334 XXXV.

178 3364 318 3518 inguina
341 3364 523 3431 succinctus
545 3367 640 3450 nigra
661 3366 724 3431 tibi
747 3388 857 3432 servus
883 3367 974 3432 aluta

299 3503 308 3537 ,
281 3454 481 3539 tquotiens
505 3454 618 3520 calidis
641 3459 713 3520 tota
734 3455 854 3520 foveris
879 3457 981 3540 aquis

179 3540 241 3608 Sed
263 3564 367 3626 meus,
391 3546 427 3607 ut
449 3542 487 3606 de
510 3565 562 3607 me
584 3546 724 3627 t,aceam
745 3543 919 3622 Laecania,
943 3566 1055 3610 servus

222 3593 377 3695 Iudaeurir
398 3631 485 3695 nuda
508 3632 568 3697 sub
592 3636 664 3697 cute
686 3631 814 3717 pondus
838 3632 951 3718 habet,

150 3717 240 3784 asad
262 3719 378 3784 nudit
363 3722 471 3785 tecum
492 3721 687 3805 iuvenesque
711 3742 867 3805 senesque
889 3721 925 3789 la
1016 3718 1021 3731 ¹
1170 3754 1178 3769 ··

206 3806 263 3872 An
287 3809 440 3876 solat
387 3813 440 3876 cst
463 3810 551 3879 servi
574 3810 723 3933 rnentula
744 3831 823 3876 rere
840 3808 954 3913 toil's
