2408 4132
386 448 677 506 EPIGRAMMATON
694 451 761 509 LIB.
780 453 826 509 XI.

574 610 623 677 VI

144 716 258 782 Unctis
280 715 419 782 falciferi
442 718 529 782 senis
552 664 677 802 diebus,

143 806 311 891 Regnator
334 806 449 890 quibus
472 806 613 891 imperat
634 806 782 895 fritillas,

144 893 251 958 Versu
273 893 383 958 ludere
405 915 471 958 non
493 895 658 960 laborioso

143 982 322 1064 Permittis,
344 985 438 1066 puto,
461 982 595 1066 pilleata
616 983 729 1049 Roma.

117 1070 272 1154 aRisisti3
295 1070 371 1135 licet
393 1091 485 1156 crgo,
507 1093 573 1135 uon
594 1074 752 1136 rotamur.

143 1158 309 1222 Pallentes
332 1160 444 1242 procul
466 1159 542 1224 hinc
565 1159 652 1224 abite
675 1180 782 1245 curae;

145 1246 306 1330 Quidquid
328 1247 453 1311 venerit
476 1247 621 1333 obvium,
642 1248 814 1331 loquamur

143 1335 274 1399 Morosa
297 1334 366 1399 sine
389 1335 595 1420 cogitatione.

143 1423 243 1488 Misce
266 1422 429 1506 dimidios,
451 1445 544 1507 puer,
567 1424 716 1507 trientes,

100 1528 133 1576 10
144 1509 261 1586 Quale
286 1511 489 1596 Pythagoras
512 1512 610 1576 dabat
633 1511 769 1593 Neroni,
819 1524 822 1530 ⁴

142 1599 256 1678 Misce,
278 1598 453 1684 Dindyma,
477 1600 533 1664 sed
555 1600 801 1684 frequentiores:

142 1688 278 1752 Possum
300 1688 348 1752 nil
372 1708 432 1773 ego
457 1688 598 1773 sobrius3
620 1688 745 1754 bibenti

143 1774 334 1841 Succurrent
357 1775 438 1840 mihi
461 1777 641 1860 quindecim
663 1779 786 1860 poetae.

141 1864 193 1928 Da
214 1886 299 1929 nuno
321 1865 427 1949 basia,
450 1865 506 1930 sed
530 1863 725 1930 Catulliana:

100 1968 132 2016 15
143 1952 231 2028 Quae
254 1953 283 2017 si
304 1956 356 2018 tot
376 1951 510 2037 fuerint,
533 1958 613 2038 quot
635 1954 690 2017 ille
714 1953 807 2037 dixit,

143 2040 278 2106 Donabo
301 2040 362 2105 tibi
383 2040 552 2106 Passerem
575 2041 704 2106 Catulli

563 2180 636 2245 VH.

140 2286 211 2352 Iam
234 2290 320 2352 certe
343 2287 473 2372 stupido
495 2309 562 2351 non
585 2286 684 2370 dices,
708 2286 822 2370 Paula,
845 2287 977 2371 marito,

185 2374 237 2440 Ad
260 2376 429 2441 moechum
453 2373 600 2460 quotiens
623 2374 753 2459 longius
776 2374 824 2438 irc
846 2377 950 2458 voles,

140 2462 278 2547 „Caesar
300 2465 334 2528 in
356 2463 523 2528 Albanum
545 2463 640 2527 iussit
662 2484 714 2526 me
737 2484 831 2526 mane
854 2463 976 2549 venire,

185 2551 305 2617 Caesar
328 2549 498 2617 Circeios.“
532 2550 603 2616 Iam
626 2550 761 2634 stropha
783 2551 860 2615 talis
884 2552 963 2617 abit.

114 2639 319 2724 5Penelopac
341 2641 419 2705 licet
441 2662 511 2706 esse
533 2640 595 2705 tibi
618 2640 676 2703 sub
700 2638 844 2724 principe
867 2638 989 2705 Nerva:

184 2727 246 2793 Sed
268 2729 420 2813 prohibet
442 2728 565 2794 scabies
588 2726 815 2811 ingeniumque
838 2731 941 2792 retus.

139 2816 270 2901 Infelix,
294 2818 370 2901 quid
394 2818 494 2903 ages?
518 2837 647 2901 aegram
672 2815 838 2880 simulabis
862 2817 1021 2882 amicam?

183 2903 341 2970 Haerebit
363 2905 510 2970 dominae
533 2905 583 2970 vir
606 2925 712 2969 comcs
735 2905 805 2988 ipse
829 2925 917 2988 suae,

138 2992 206 3057 Ibit
229 2996 261 3056 et
285 2993 325 3057 ad
346 2992 481 3058 fratrem
504 2996 611 3058 tecum
634 2997 835 3076 matremque
857 2997 1055 3079 patremque.

95 3096 129 3144 10
184 3081 271 3156 Quas
293 3081 395 3167 igitur
416 3081 546 3146 fraudes
568 3082 738 3168 ingeniosa
759 3082 878 3164 paras?

137 3167 269 3232 Diceret
290 3168 488 3253 hystericam
513 3192 547 3235 se
569 3170 708 3235 forsitan
731 3169 835 3233 altera
858 3170 992 3235 moecha

182 3256 221 3320 Iu
244 3255 438 3323 Sinuessano
461 3259 544 3324 vellc
568 3259 676 3323 nederc
699 3257 780 3323 lacu.

138 3344 267 3421 Quanto
291 3350 328 3412 tu
350 3347 480 3431 melius,
504 3346 654 3432 quotiens
676 3345 783 3428 placet
805 3344 852 3408 ire
874 3343 1031 3430 fututum,

183 3434 270 3509 Quae
291 3456 403 3500 verum
427 3435 530 3502 mavis
553 3435 670 3519 dicere,
693 3433 807 3514 Paula,
830 3432 913 3497 viro!

548 3591 639 3658 VIII.

133 3697 244 3851 Lapsa
265 3698 350 3783 quod
374 3697 514 3764 externis
536 3697 662 3782 spirant
685 3697 896 3781 opobalsama
919 3698 1058 3781 truncis,

211 3786 307 3853 ltima
328 3786 419 3873 quod
437 3806 536 3855 ourvo
560 3807 645 3875 quae
668 3785 759 3855 cadit
780 3809 867 3852 aura
888 3806 1011 3865 crocu,

132 3898 216 3939 xm,
430 3922 434 3927 .
935 3891 977 3940 ss
