2408 4132
108 440 150 503 78
436 438 474 493 u.
492 437 573 492 VAL
591 436 789 491 mustis

521 599 700 665 LXXVIII.

153 706 300 772 Minxisti
322 711 470 772 currente
493 707 608 788 semel,
630 705 779 787 Pauline,
801 703 920 768 carina.

198 795 317 860 Meiere
339 796 389 859 vis
412 796 554 859 iterum?
576 795 642 857 iam
665 793 837 857 Palinurus
860 792 935 855 eris.

541 933 685 998 LXXIX.

153 1041 236 1106 Rern
258 1041 388 1126 peragit
408 1041 533 1104 nnllam
555 1038 732 1123 Sertorius,
753 1039 886 1104 inchoat
907 1058 1031 1101 omncs.

198 1130 294 1194 Hunc
316 1151 392 1214 ego,
414 1150 487 1193 oum
508 1128 621 1213 futuit,
643 1150 711 1192 non
731 1132 812 1213 puto
835 1126 997 1211 perficere.

548 1285 677 1351 LXXX

155 1392 203 1456 De
226 1393 316 1456 nullo
340 1392 496 1476 loqueris,
518 1394 601 1457 nulli
625 1392 803 1475 maledicis,
824 1390 934 1474 Apici:

201 1479 325 1543 Rumor
347 1481 395 1544 ait
416 1481 549 1566 linguae
571 1486 605 1545 te
627 1485 737 1544 tamen
761 1500 830 1543 esse
852 1478 967 1542 malae.

540 1636 687 1702 LXXXI

157 1743 239 1819 Quid
263 1765 336 1808 oum
358 1743 498 1807 femineo
521 1744 597 1827 tibi,
619 1742 750 1809 Baetice
773 1743 881 1828 Galle,
902 1742 1085 1809 barathro?
1203 1779 1204 1782 ¹

201 1832 289 1895 Haec
313 1831 408 1894 debet
430 1830 552 1894 medios
576 1832 718 1896 lambere
741 1832 854 1918 lingua
871 1831 968 1896 viros.

157 1919 295 1983 Abscisa
318 1926 368 1982 est
390 1940 488 2002 quare
512 1917 621 1983 Samia
642 1920 704 1983 tibi
726 1921 872 1984 mentula
893 1924 992 2004 testa,

203 2006 237 2071 Si
259 2006 321 2070 tibi
344 2010 412 2070 tam
436 2009 564 2091 gratus,
586 2005 730 2091 Baetice,
753 2031 875 2072 cunnus
898 2009 991 2072 erat‘?

132 2093 375 2159 oCastrandum
394 2098 492 2179 caput
510 2098 573 2159 est:
591 2118 668 2159 nam
687 2096 732 2160 sis
746 2097 823 2160 licet
840 2097 974 2182 inguine
987 2095 1122 2183 Gallus,

203 2181 300 2248 Sacra
323 2186 433 2247 tamen
456 2182 594 2267 Cybeles
617 2185 750 2269 decipis:
774 2206 829 2248 ore
851 2185 902 2248 vir
924 2206 968 2249 es.

535 2342 697 2408 LXXXII.

159 2448 302 2515 Conviva
325 2449 470 2533 quisquis
494 2447 577 2512 Zoili
598 2453 708 2532 potest
730 2472 813 2534 esse,

159 2535 425 2600 Summoenianas
449 2540 541 2600 cenet
562 2537 647 2600 inter
669 2558 784 2600 uxores

160 2623 321 2708 Curtaque
343 2623 450 2688 Ledae
473 2623 601 2687 sobrius
623 2623 716 2688 bibat
737 2628 837 2689 testa:

159 2711 230 2775 Hoc
253 2733 323 2774 esee
345 2712 446 2774 levius
468 2711 644 2794 puriusque
667 2712 835 2777 contendo.

135 2799 248 2863 slacet
271 2802 426 2881 occupato
450 2798 636 2881 galbinatus
659 2801 693 2862 in
715 2801 799 2864 lecto

161 2885 349 2968 Cubitisque
372 2885 475 2949 trudit
496 2883 573 2949 hinc
595 2890 627 2949 et
649 2887 722 2950 inde
745 2890 896 2954 convivas

160 2974 304 3039 Effultus
328 2975 417 3036 ostro
442 2970 622 3055 Sericisque
645 2974 799 3058 pulvillis

161 3062 236 3128 Stat
258 3060 403 3125 exoletus
426 3061 635 3144 suggeritque
657 3065 797 3127 ructanti

160 3152 280 3216 Pinnas
303 3149 456 3212 rubentes
478 3147 688 3232 cuspidesque
711 3151 836 3216 lentisci
843 3204 852 3237 ,

119 3241 207 3305 10Et
229 3237 391 3304 aestuanti
412 3239 509 3299 tenue
532 3237 668 3301 ventilat
690 3237 794 3322 frigus

162 3328 283 3413 Supina
304 3326 435 3410 prasino
459 3323 636 3388 concubina
658 3325 802 3410 flabello,

161 3416 330 3503 Fugatque
353 3433 478 3477 muscas
502 3416 628 3495 myrtea
650 3434 729 3495 puer
750 3414 851 3500 virga.

161 3504 324 3571 Percurrit
347 3500 426 3587 agili
449 3520 565 3583 corpus
589 3503 659 3563 arte
682 3503 852 3565 tractatrix

161 3594 355 3677 Manumque
380 3589 507 3654 doctam
531 3588 658 3673 spargit
680 3589 830 3653 omnibus
854 3593 1021 3678 membris,

121 3700 152 3750 15
162 3682 267 3769 Digiti
290 3677 450 3764 crepantis
474 3674 682 3762 signauerit
705 3677 867 3741 eunuchus

151 3773 204 3837 Et
225 3769 383 3835 delicatae
405 3766 587 3835 sciscitator
609 3766 722 3829 urInac
