<?xml version="1.0" encoding="UTF-8"?>
<!DOCTYPE html PUBLIC "-//W3C//DTD XHTML 1.0 Transitional//EN"
    "http://www.w3.org/TR/xhtml1/DTD/xhtml1-transitional.dtd">
<html xmlns="http://www.w3.org/1999/xhtml" xml:lang="en" lang="en">
 <head>
  <title>
</title>
<meta http-equiv="Content-Type" content="text/html;charset=utf-8" />
  <meta name='ocr-system' content='tesseract 3.04.00' />
  <meta name='ocr-capabilities' content='ocr_page ocr_carea ocr_par ocr_line ocrx_word'/>
</head>
<body>
  <div class='ocr_page' id='page_1' title='image "./mvaleriimartial00gilbgoog/mvaleriimartial00gilbgoog_0239.png"; bbox 0 0 2408 4132; ppageno 0'>
   <div class='ocr_carea' id='block_1_1' title="bbox 150 445 828 516">
    <p class='ocr_par' dir='ltr' id='par_1_1' title="bbox 150 445 828 516">
     <span class='ocr_line' id='line_1_1' title="bbox 150 445 828 516; baseline -0.025 0"><span class='ocrx_word' id='word_1_1' title='bbox 150 452 214 516; x_wconf 76' lang='grc'>192</span> <span class='ocrx_word' id='word_1_2' title='bbox 475 449 512 503; x_wconf 87' lang='grc' dir='ltr'>Μ.</span> <span class='ocrx_word' id='word_1_3' title='bbox 531 447 614 502; x_wconf 83' lang='lat' dir='ltr'>VAL.</span> <span class='ocrx_word' id='word_1_4' title='bbox 633 445 828 501; x_wconf 82' lang='lat' dir='ltr'><strong>MARTIALIS</strong></span> 
     </span>
    </p>
   </div>
   <div class='ocr_carea' id='block_1_2' title="bbox 191 607 875 872">
    <p class='ocr_par' dir='ltr' id='par_1_2' title="bbox 191 607 875 872">
     <span class='ocr_line' id='line_1_2' title="bbox 193 607 868 692; baseline -0.007 -16"><span class='ocrx_word' id='word_1_5' title='bbox 193 610 336 687; x_wconf 81' lang='lat' dir='ltr'>Quodsi</span> <span class='ocrx_word' id='word_1_6' title='bbox 359 610 442 675; x_wconf 88' lang='lat' dir='ltr'>ludis</span> <span class='ocrx_word' id='word_1_7' title='bbox 468 611 571 675; x_wconf 90' lang='lat' dir='ltr'>adhuc</span> <span class='ocrx_word' id='word_1_8' title='bbox 595 610 756 692; x_wconf 87' lang='lat' dir='ltr'>semelque</span> <span class='ocrx_word' id='word_1_9' title='bbox 778 607 868 672; x_wconf 85' lang='lat' dir='ltr'>nasci</span> 
     </span>
     <span class='ocr_line' id='line_1_3' title="bbox 192 698 853 779; baseline -0.006 -16"><span class='ocrx_word' id='word_1_10' title='bbox 192 700 265 764; x_wconf 90' lang='lat' dir='ltr'>Uno</span> <span class='ocrx_word' id='word_1_11' title='bbox 287 699 352 763; x_wconf 91' lang='lat' dir='ltr'>iam</span> <span class='ocrx_word' id='word_1_12' title='bbox 375 699 438 763; x_wconf 90' lang='lat' dir='ltr'>tibi</span> <span class='ocrx_word' id='word_1_13' title='bbox 460 721 526 763; x_wconf 91' lang='lat' dir='ltr'>non</span> <span class='ocrx_word' id='word_1_14' title='bbox 549 702 601 763; x_wconf 87' lang='lat' dir='ltr'>sat</span> <span class='ocrx_word' id='word_1_15' title='bbox 623 702 675 762; x_wconf 88' lang='lat' dir='ltr'>est</span> <span class='ocrx_word' id='word_1_16' title='bbox 697 698 733 761; x_wconf 93' lang='lat' dir='ltr'>in</span> <span class='ocrx_word' id='word_1_17' title='bbox 756 718 853 779; x_wconf 93' lang='lat' dir='ltr'>anno,</span> 
     </span>
     <span class='ocr_line' id='line_1_4' title="bbox 191 786 875 872; baseline -0.006 -20"><span class='ocrx_word' id='word_1_18' title='bbox 191 786 316 852; x_wconf 92' lang='lat' dir='ltr'>Natum</span> <span class='ocrx_word' id='word_1_19' title='bbox 339 792 386 871; x_wconf 90' lang='lat' dir='ltr'>te,</span> <span class='ocrx_word' id='word_1_20' title='bbox 409 786 517 872; x_wconf 85' lang='lat' dir='ltr'>Glyte,</span> <span class='ocrx_word' id='word_1_21' title='bbox 540 808 599 851; x_wconf 90' lang='lat' dir='ltr'>neo</span> <span class='ocrx_word' id='word_1_22' title='bbox 622 786 720 850; x_wconf 88' lang='lat' dir='ltr'>semel</span> <span class='ocrx_word' id='word_1_23' title='bbox 744 786 875 868; x_wconf 85' lang='lat' dir='ltr'>putabo.</span> 
     </span>
    </p>
   </div>
   <div class='ocr_carea' id='block_1_3' title="bbox 602 916 702 982">
    <p class='ocr_par' dir='ltr' id='par_1_3' title="bbox 602 916 702 982">
     <span class='ocr_line' id='line_1_5' title="bbox 602 916 702 982; baseline -0.01 0"><span class='ocrx_word' id='word_1_24' title='bbox 602 916 702 982; x_wconf 88' lang='lat' dir='ltr'>LXV.</span> 
     </span>
    </p>
   </div>
   <div class='ocr_carea' id='block_1_4' title="bbox 152 1012 1160 2049">
    <p class='ocr_par' dir='ltr' id='par_1_4' title="bbox 152 1012 1160 2049">
     <span class='ocr_line' id='line_1_6' title="bbox 192 1012 951 1098; baseline -0.005 -19"><span class='ocrx_word' id='word_1_25' title='bbox 192 1014 255 1079; x_wconf 92' lang='lat' dir='ltr'>Hic</span> <span class='ocrx_word' id='word_1_26' title='bbox 277 1015 334 1079; x_wconf 90' lang='lat' dir='ltr'>ubi</span> <span class='ocrx_word' id='word_1_27' title='bbox 353 1015 518 1079; x_wconf 79' lang='lat' dir='ltr'>Fortunae</span> <span class='ocrx_word' id='word_1_28' title='bbox 541 1013 678 1078; x_wconf 81' lang='lat' dir='ltr'>Reducis</span> <span class='ocrx_word' id='word_1_29' title='bbox 701 1012 863 1098; x_wconf 83' lang='lat' dir='ltr'>fulgentia</span> <span class='ocrx_word' id='word_1_30' title='bbox 883 1012 951 1075; x_wconf 87' lang='lat' dir='ltr'>late</span> 
     </span>
     <span class='ocr_line' id='line_1_7' title="bbox 237 1102 942 1187; baseline -0.004 -21"><span class='ocrx_word' id='word_1_31' title='bbox 237 1102 372 1187; x_wconf 84' lang='lat' dir='ltr'>Templa</span> <span class='ocrx_word' id='word_1_32' title='bbox 394 1104 513 1184; x_wconf 87' lang='lat' dir='ltr'>nitent,</span> <span class='ocrx_word' id='word_1_33' title='bbox 535 1103 614 1166; x_wconf 83' lang='lat' dir='ltr'><strong>felix</strong></span> <span class='ocrx_word' id='word_1_34' title='bbox 637 1123 714 1166; x_wconf 88' lang='lat' dir='ltr'>area</span> <span class='ocrx_word' id='word_1_35' title='bbox 734 1122 837 1186; x_wconf 84' lang='lat' dir='ltr'>nuper</span> <span class='ocrx_word' id='word_1_36' title='bbox 860 1104 942 1164; x_wconf 88' lang='lat' dir='ltr'>erat:</span> 
     </span>
     <span class='ocr_line' id='line_1_8' title="bbox 192 1188 947 1274; baseline -0.007 -19"><span class='ocrx_word' id='word_1_37' title='bbox 192 1190 255 1255; x_wconf 92' lang='lat' dir='ltr'>Hio</span> <span class='ocrx_word' id='word_1_38' title='bbox 279 1191 370 1255; x_wconf 88' lang='lat' dir='ltr'>stetit</span> <span class='ocrx_word' id='word_1_39' title='bbox 392 1190 507 1256; x_wconf 85' lang='lat' dir='ltr'>Arctoi</span> <span class='ocrx_word' id='word_1_40' title='bbox 530 1191 691 1255; x_wconf 88' lang='lat' dir='ltr'>formosus</span> <span class='ocrx_word' id='word_1_41' title='bbox 713 1189 844 1274; x_wconf 88' lang='lat' dir='ltr'>pulvere</span> <span class='ocrx_word' id='word_1_42' title='bbox 867 1188 947 1252; x_wconf 90' lang='lat' dir='ltr'>belli</span> 
     </span>
     <span class='ocr_line' id='line_1_9' title="bbox 237 1277 1013 1362; baseline -0.004 -20"><span class='ocrx_word' id='word_1_43' title='bbox 237 1279 436 1362; x_wconf 89' lang='lat' dir='ltr'>Purpureum</span> <span class='ocrx_word' id='word_1_44' title='bbox 457 1279 595 1344; x_wconf 87' lang='lat' dir='ltr'>fundens</span> <span class='ocrx_word' id='word_1_45' title='bbox 619 1277 739 1344; x_wconf 85' lang='lat' dir='ltr'>Gaesar</span> <span class='ocrx_word' id='word_1_46' title='bbox 763 1277 803 1341; x_wconf 89' lang='lat' dir='ltr'>ab</span> <span class='ocrx_word' id='word_1_47' title='bbox 827 1298 882 1340; x_wconf 90' lang='lat' dir='ltr'>ore</span> <span class='ocrx_word' id='word_1_48' title='bbox 905 1277 1013 1360; x_wconf 88' lang='lat' dir='ltr'>iubar;</span> 
     </span>
     <span class='ocr_line' id='line_1_10' title="bbox 167 1364 1004 1432; baseline -0.004 -1"><span class='ocrx_word' id='word_1_49' title='bbox 167 1367 256 1432; x_wconf 81' lang='lat' dir='ltr'>5Hic</span> <span class='ocrx_word' id='word_1_50' title='bbox 279 1368 372 1432; x_wconf 88' lang='lat' dir='ltr'>lauru</span> <span class='ocrx_word' id='word_1_51' title='bbox 394 1367 545 1432; x_wconf 88' lang='lat' dir='ltr'>redimita</span> <span class='ocrx_word' id='word_1_52' title='bbox 568 1389 676 1432; x_wconf 86' lang='lat' dir='ltr'>eomas</span> <span class='ocrx_word' id='word_1_53' title='bbox 700 1370 733 1430; x_wconf 92' lang='lat' dir='ltr'>et</span> <span class='ocrx_word' id='word_1_54' title='bbox 756 1364 891 1430; x_wconf 88' lang='lat' dir='ltr'>candida</span> <span class='ocrx_word' id='word_1_55' title='bbox 914 1365 1004 1428; x_wconf 91' lang='lat' dir='ltr'>cultu</span> 
     </span>
     <span class='ocr_line' id='line_1_11' title="bbox 238 1453 952 1537; baseline -0.004 -18"><span class='ocrx_word' id='word_1_56' title='bbox 238 1456 342 1520; x_wconf 88' lang='lat' dir='ltr'>Roma</span> <span class='ocrx_word' id='word_1_57' title='bbox 366 1456 523 1521; x_wconf 85' lang='lat' dir='ltr'>salutavit</span> <span class='ocrx_word' id='word_1_58' title='bbox 545 1478 623 1520; x_wconf 87' lang='lat' dir='ltr'>voce</span> <span class='ocrx_word' id='word_1_59' title='bbox 647 1476 807 1537; x_wconf 90' lang='lat' dir='ltr'>manuque</span> <span class='ocrx_word' id='word_1_60' title='bbox 831 1453 952 1517; x_wconf 91' lang='lat' dir='ltr'>ducem.</span> 
     </span>
     <span class='ocr_line' id='line_1_12' title="bbox 194 1541 1069 1608; baseline -0.002 -1"><span class='ocrx_word' id='word_1_61' title='bbox 194 1543 323 1607; x_wconf 83' lang='lat' dir='ltr'>Grande</span> <span class='ocrx_word' id='word_1_62' title='bbox 345 1544 409 1608; x_wconf 90' lang='lat' dir='ltr'>loci</span> <span class='ocrx_word' id='word_1_63' title='bbox 431 1545 582 1608; x_wconf 89' lang='lat' dir='ltr'>meritum</span> <span class='ocrx_word' id='word_1_64' title='bbox 606 1546 767 1608; x_wconf 73' lang='lat' dir='ltr'>testantur</span> <span class='ocrx_word' id='word_1_65' title='bbox 790 1545 824 1606; x_wconf 91' lang='lat' dir='ltr'>et</span> <span class='ocrx_word' id='word_1_66' title='bbox 846 1541 949 1605; x_wconf 89' lang='lat' dir='ltr'>altera</span> <span class='ocrx_word' id='word_1_67' title='bbox 971 1541 1069 1607; x_wconf 89' lang='lat' dir='ltr'>dona:</span> 
     </span>
     <span class='ocr_line' id='line_1_13' title="bbox 239 1630 1043 1716; baseline -0.005 -19"><span class='ocrx_word' id='word_1_68' title='bbox 239 1630 312 1697; x_wconf 83' lang='lat' dir='ltr'>Stat</span> <span class='ocrx_word' id='word_1_69' title='bbox 335 1653 425 1696; x_wconf 90' lang='lat' dir='ltr'>sacer</span> <span class='ocrx_word' id='word_1_70' title='bbox 448 1636 480 1696; x_wconf 90' lang='lat' dir='ltr'>et</span> <span class='ocrx_word' id='word_1_71' title='bbox 503 1632 634 1696; x_wconf 89' lang='lat' dir='ltr'>domitis</span> <span class='ocrx_word' id='word_1_72' title='bbox 659 1631 811 1716; x_wconf 85' lang='lat' dir='ltr'>gentibus</span> <span class='ocrx_word' id='word_1_73' title='bbox 836 1652 928 1694; x_wconf 88' lang='lat' dir='ltr'>arcus</span> <span class='ocrx_word' id='word_1_74' title='bbox 952 1634 1043 1714; x_wconf 80' lang='lat' dir='ltr'>ovat3</span> 
     </span>
     <span class='ocr_line' id='line_1_14' title="bbox 193 1717 1160 1805; baseline 0.004 -22"><span class='ocrx_word' id='word_1_75' title='bbox 193 1719 256 1783; x_wconf 92' lang='lat' dir='ltr'>Hic</span> <span class='ocrx_word' id='word_1_76' title='bbox 279 1719 399 1803; x_wconf 83' lang='lat' dir='ltr'>gemini</span> <span class='ocrx_word' id='word_1_77' title='bbox 421 1741 533 1784; x_wconf 88' lang='lat' dir='ltr'>currus</span> <span class='ocrx_word' id='word_1_78' title='bbox 555 1722 727 1784; x_wconf 90' lang='lat' dir='ltr'>numerant</span> <span class='ocrx_word' id='word_1_79' title='bbox 749 1717 922 1802; x_wconf 89' lang='lat' dir='ltr'>elephanta</span> <span class='ocrx_word' id='word_1_80' title='bbox 939 1717 1160 1805; x_wconf 88' lang='lat' dir='ltr'>frequentem,</span> 
     </span>
     <span class='ocr_line' id='line_1_15' title="bbox 152 1806 902 1890; baseline 0 -20"><span class='ocrx_word' id='word_1_81' title='bbox 152 1823 183 1870; x_wconf 90' lang='lat'>10</span> <span class='ocrx_word' id='word_1_82' title='bbox 240 1806 367 1872; x_wconf 83' lang='lat' dir='ltr'>Sufficit</span> <span class='ocrx_word' id='word_1_83' title='bbox 388 1808 553 1872; x_wconf 86' lang='lat' dir='ltr'>immensis</span> <span class='ocrx_word' id='word_1_84' title='bbox 577 1829 691 1871; x_wconf 88' lang='lat' dir='ltr'>aureus</span> <span class='ocrx_word' id='word_1_85' title='bbox 714 1806 784 1890; x_wconf 89' lang='lat' dir='ltr'>ipse</span> <span class='ocrx_word' id='word_1_86' title='bbox 806 1806 902 1890; x_wconf 76' lang='lat' dir='ltr'>iugis</span> 
     </span>
     <span class='ocr_line' id='line_1_16' title="bbox 193 1894 1132 1980; baseline 0.002 -22"><span class='ocrx_word' id='word_1_87' title='bbox 193 1895 283 1960; x_wconf 90' lang='lat' dir='ltr'>Haec</span> <span class='ocrx_word' id='word_1_88' title='bbox 306 1899 356 1959; x_wconf 89' lang='lat' dir='ltr'>est</span> <span class='ocrx_word' id='word_1_89' title='bbox 379 1895 476 1980; x_wconf 82' lang='lat' dir='ltr'>digna</span> <span class='ocrx_word' id='word_1_90' title='bbox 498 1897 577 1978; x_wconf 89' lang='lat' dir='ltr'>tuis,</span> <span class='ocrx_word' id='word_1_91' title='bbox 600 1894 802 1977; x_wconf 76' lang='lat' dir='ltr'>Germanice,</span> <span class='ocrx_word' id='word_1_92' title='bbox 825 1899 920 1977; x_wconf 88' lang='lat' dir='ltr'>porta</span> <span class='ocrx_word' id='word_1_93' title='bbox 941 1895 1132 1980; x_wconf 78' lang='lat' dir='ltr'>triumphis3</span> 
     </span>
     <span class='ocr_line' id='line_1_17' title="bbox 238 1981 978 2049; baseline -0.001 -2"><span class='ocrx_word' id='word_1_94' title='bbox 238 1982 309 2047; x_wconf 89' lang='lat' dir='ltr'>Hos</span> <span class='ocrx_word' id='word_1_95' title='bbox 333 1983 439 2048; x_wconf 90' lang='lat' dir='ltr'>aditus</span> <span class='ocrx_word' id='word_1_96' title='bbox 462 1983 575 2049; x_wconf 88' lang='lat' dir='ltr'>urbem</span> <span class='ocrx_word' id='word_1_97' title='bbox 597 1981 713 2048; x_wconf 89' lang='lat' dir='ltr'>Martis</span> <span class='ocrx_word' id='word_1_98' title='bbox 736 1982 856 2047; x_wconf 93' lang='lat' dir='ltr'>habere</span> <span class='ocrx_word' id='word_1_99' title='bbox 879 1984 978 2048; x_wconf 88' lang='lat' dir='ltr'>decet.</span> 
     </span>
    </p>
   </div>
   <div class='ocr_carea' id='block_1_5' title="bbox 596 2123 710 2189">
    <p class='ocr_par' dir='ltr' id='par_1_5' title="bbox 596 2123 710 2189">
     <span class='ocr_line' id='line_1_18' title="bbox 596 2123 710 2189; baseline 0.018 -2"><span class='ocrx_word' id='word_1_100' title='bbox 596 2123 710 2189; x_wconf 89' lang='lat' dir='ltr'><strong>LXVI.</strong></span> 
     </span>
    </p>
   </div>
   <div class='ocr_carea' id='block_1_6' title="bbox 152 2221 903 3185">
    <p class='ocr_par' dir='ltr' id='par_1_6' title="bbox 152 2221 903 3185">
     <span class='ocr_line' id='line_1_19' title="bbox 195 2221 752 2306; baseline -0.002 -21"><span class='ocrx_word' id='word_1_101' title='bbox 195 2221 344 2306; x_wconf 83' lang='lat' dir='ltr'>Augusto</span> <span class='ocrx_word' id='word_1_102' title='bbox 368 2221 423 2305; x_wconf 92' lang='lat' dir='ltr'>pia</span> <span class='ocrx_word' id='word_1_103' title='bbox 445 2224 519 2286; x_wconf 85' lang='lat' dir='ltr'>tura</span> <span class='ocrx_word' id='word_1_104' title='bbox 541 2222 752 2305; x_wconf 83' lang='lat' dir='ltr'>victimasque</span> 
     </span>
     <span class='ocr_line' id='line_1_20' title="bbox 194 2307 797 2393; baseline 0 -21"><span class='ocrx_word' id='word_1_105' title='bbox 194 2310 256 2374; x_wconf 91' lang='lat' dir='ltr'>Pro</span> <span class='ocrx_word' id='word_1_106' title='bbox 279 2314 388 2374; x_wconf 84' lang='lat' dir='ltr'>vestro</span> <span class='ocrx_word' id='word_1_107' title='bbox 413 2309 487 2373; x_wconf 89' lang='lat' dir='ltr'>date</span> <span class='ocrx_word' id='word_1_108' title='bbox 512 2307 605 2393; x_wconf 83' lang='lat' dir='ltr'>Silio,</span> <span class='ocrx_word' id='word_1_109' title='bbox 629 2308 797 2375; x_wconf 83' lang='lat' dir='ltr'>Camenae.</span> 
     </span>
     <span class='ocr_line' id='line_1_21' title="bbox 194 2398 812 2478; baseline -0.002 -16"><span class='ocrx_word' id='word_1_110' title='bbox 194 2398 249 2462; x_wconf 87' lang='lat' dir='ltr'>Bis</span> <span class='ocrx_word' id='word_1_111' title='bbox 274 2420 368 2462; x_wconf 87' lang='lat' dir='ltr'>senos</span> <span class='ocrx_word' id='word_1_112' title='bbox 391 2398 482 2462; x_wconf 91' lang='lat' dir='ltr'>iubet</span> <span class='ocrx_word' id='word_1_113' title='bbox 504 2420 543 2461; x_wconf 92' lang='lat' dir='ltr'>en</span> <span class='ocrx_word' id='word_1_114' title='bbox 566 2398 670 2463; x_wconf 88' lang='lat' dir='ltr'>redire</span> <span class='ocrx_word' id='word_1_115' title='bbox 692 2400 812 2478; x_wconf 87' lang='lat' dir='ltr'>fasces,</span> 
     </span>
     <span class='ocr_line' id='line_1_22' title="bbox 193 2485 751 2571; baseline 0.002 -22"><span class='ocrx_word' id='word_1_116' title='bbox 193 2485 280 2551; x_wconf 92' lang='lat' dir='ltr'>Nato</span> <span class='ocrx_word' id='word_1_117' title='bbox 304 2487 447 2567; x_wconf 86' lang='lat' dir='ltr'>consule,</span> <span class='ocrx_word' id='word_1_118' title='bbox 470 2486 635 2570; x_wconf 88' lang='lat' dir='ltr'>nobilique</span> <span class='ocrx_word' id='word_1_119' title='bbox 660 2488 751 2571; x_wconf 84' lang='lat' dir='ltr'>virga</span> 
     </span>
     <span class='ocr_line' id='line_1_23' title="bbox 168 2573 784 2639; baseline -0.002 -2"><span class='ocrx_word' id='word_1_120' title='bbox 168 2573 288 2639; x_wconf 78' lang='lat' dir='ltr'>oVatis</span> <span class='ocrx_word' id='word_1_121' title='bbox 313 2573 491 2639; x_wconf 83' lang='lat' dir='ltr'>Castaliam</span> <span class='ocrx_word' id='word_1_122' title='bbox 515 2574 644 2639; x_wconf 90' lang='lat' dir='ltr'>domum</span> <span class='ocrx_word' id='word_1_123' title='bbox 669 2595 784 2639; x_wconf 87' lang='lat' dir='ltr'>sonare</span> 
     </span>
     <span class='ocr_line' id='line_1_24' title="bbox 194 2660 845 2745; baseline -0.002 -19"><span class='ocrx_word' id='word_1_124' title='bbox 194 2663 313 2726; x_wconf 82' lang='lat' dir='ltr'>Rerum</span> <span class='ocrx_word' id='word_1_125' title='bbox 336 2663 443 2745; x_wconf 78' lang='lat' dir='ltr'>prima</span> <span class='ocrx_word' id='word_1_126' title='bbox 465 2663 551 2727; x_wconf 89' lang='lat' dir='ltr'>salus</span> <span class='ocrx_word' id='word_1_127' title='bbox 575 2667 608 2726; x_wconf 89' lang='lat' dir='ltr'>et</span> <span class='ocrx_word' id='word_1_128' title='bbox 630 2686 695 2727; x_wconf 88' lang='lat' dir='ltr'>una</span> <span class='ocrx_word' id='word_1_129' title='bbox 718 2660 845 2727; x_wconf 78' lang='lat' dir='ltr'>Caesar.</span> 
     </span>
     <span class='ocr_line' id='line_1_25' title="bbox 194 2751 903 2835; baseline -0.001 -22"><span class='ocrx_word' id='word_1_130' title='bbox 194 2751 353 2814; x_wconf 85' lang='lat' dir='ltr'>Gaudenti</span> <span class='ocrx_word' id='word_1_131' title='bbox 377 2752 524 2833; x_wconf 87' lang='lat' dir='ltr'>superest</span> <span class='ocrx_word' id='word_1_132' title='bbox 547 2751 664 2834; x_wconf 87' lang='lat' dir='ltr'>adhue,</span> <span class='ocrx_word' id='word_1_133' title='bbox 687 2751 773 2835; x_wconf 92' lang='lat' dir='ltr'>quod</span> <span class='ocrx_word' id='word_1_134' title='bbox 796 2753 903 2835; x_wconf 88' lang='lat' dir='ltr'>optet,</span> 
     </span>
     <span class='ocr_line' id='line_1_26' title="bbox 193 2836 793 2922; baseline 0.005 -22"><span class='ocrx_word' id='word_1_135' title='bbox 193 2836 285 2901; x_wconf 84' lang='lat' dir='ltr'>Felix</span> <span class='ocrx_word' id='word_1_136' title='bbox 307 2859 450 2920; x_wconf 87' lang='lat' dir='ltr'>purpura</span> <span class='ocrx_word' id='word_1_137' title='bbox 471 2840 650 2922; x_wconf 86' lang='lat' dir='ltr'>tertiusque</span> <span class='ocrx_word' id='word_1_138' title='bbox 673 2839 793 2904; x_wconf 89' lang='lat' dir='ltr'>consul.</span> 
     </span>
     <span class='ocr_line' id='line_1_27' title="bbox 194 2925 749 3007; baseline 0.005 -19"><span class='ocrx_word' id='word_1_139' title='bbox 194 2925 349 3007; x_wconf 91' lang='lat' dir='ltr'>Pompeio</span> <span class='ocrx_word' id='word_1_140' title='bbox 374 2925 498 2989; x_wconf 84' lang='lat' dir='ltr'>dederit</span> <span class='ocrx_word' id='word_1_141' title='bbox 520 2927 595 2990; x_wconf 90' lang='lat' dir='ltr'>licet</span> <span class='ocrx_word' id='word_1_142' title='bbox 618 2932 749 2991; x_wconf 89' lang='lat' dir='ltr'>senatus</span> 
     </span>
     <span class='ocr_line' id='line_1_28' title="bbox 152 3010 833 3098; baseline 0.004 -23"><span class='ocrx_word' id='word_1_143' title='bbox 152 3029 184 3076; x_wconf 88' lang='lat'>10</span> <span class='ocrx_word' id='word_1_144' title='bbox 195 3013 240 3077; x_wconf 83' lang='lat' dir='ltr'>Et</span> <span class='ocrx_word' id='word_1_145' title='bbox 262 3010 382 3077; x_wconf 82' lang='lat' dir='ltr'>Caesar</span> <span class='ocrx_word' id='word_1_146' title='bbox 406 3033 524 3097; x_wconf 85' lang='lat' dir='ltr'>genero</span> <span class='ocrx_word' id='word_1_147' title='bbox 549 3035 656 3078; x_wconf 87' lang='lat' dir='ltr'>sacros</span> <span class='ocrx_word' id='word_1_148' title='bbox 680 3015 833 3098; x_wconf 85' lang='lat' dir='ltr'>honores,</span> 
     </span>
     <span class='ocr_line' id='line_1_29' title="bbox 196 3099 781 3185; baseline 0.002 -21"><span class='ocrx_word' id='word_1_149' title='bbox 196 3099 341 3176; x_wconf 78' lang='lat' dir='ltr'>Quorum</span> <span class='ocrx_word' id='word_1_150' title='bbox 364 3100 515 3182; x_wconf 87' lang='lat' dir='ltr'>pacificus</span> <span class='ocrx_word' id='word_1_151' title='bbox 539 3104 588 3165; x_wconf 89' lang='lat' dir='ltr'>ter</span> <span class='ocrx_word' id='word_1_152' title='bbox 612 3102 781 3185; x_wconf 84' lang='lat' dir='ltr'>ampliavit</span> 
     </span>
    </p>
   </div>
   <div class='ocr_carea' id='block_1_7' title="bbox 195 3186 881 3343">
    <p class='ocr_par' dir='ltr' id='par_1_7' title="bbox 195 3186 881 3343">
     <span class='ocr_line' id='line_1_30' title="bbox 195 3186 881 3274; baseline 0.006 -23"><span class='ocrx_word' id='word_1_153' title='bbox 195 3188 292 3252; x_wconf 89' lang='lat' dir='ltr'>lanus</span> <span class='ocrx_word' id='word_1_154' title='bbox 315 3188 459 3252; x_wconf 90' lang='lat' dir='ltr'>nomina:</span> <span class='ocrx_word' id='word_1_155' title='bbox 485 3186 582 3253; x_wconf 82' lang='lat' dir='ltr'>Silius</span> <span class='ocrx_word' id='word_1_156' title='bbox 604 3189 788 3274; x_wconf 87' lang='lat' dir='ltr'>frequentes</span> <span class='ocrx_word' id='word_1_157' title='bbox 880 3206 881 3210; x_wconf 77' lang='grc'>’</span> 
     </span>
     <span class='ocr_line' id='line_1_31' title="bbox 195 3277 798 3343; baseline 0.003 -3"><span class='ocrx_word' id='word_1_158' title='bbox 195 3277 321 3341; x_wconf 89' lang='lat' dir='ltr'>Mavult</span> <span class='ocrx_word' id='word_1_159' title='bbox 344 3277 390 3341; x_wconf 88' lang='lat' dir='ltr'>sic</span> <span class='ocrx_word' id='word_1_160' title='bbox 412 3298 581 3341; x_wconf 90' lang='lat' dir='ltr'>numerare</span> <span class='ocrx_word' id='word_1_161' title='bbox 605 3280 798 3343; x_wconf 86' lang='lat' dir='ltr'>consulatus.</span> 
     </span>
    </p>
   </div>
   <div class='ocr_carea' id='block_1_8' title="bbox 589 3418 718 3483">
    <p class='ocr_par' dir='ltr' id='par_1_8' title="bbox 589 3418 718 3483">
     <span class='ocr_line' id='line_1_32' title="bbox 589 3418 718 3483; baseline 0 -1"><span class='ocrx_word' id='word_1_162' title='bbox 589 3418 718 3483; x_wconf 90' lang='lat' dir='ltr'>LXVII.</span> 
     </span>
    </p>
   </div>
   <div class='ocr_carea' id='block_1_9' title="bbox 194 3515 1099 3691">
    <p class='ocr_par' dir='ltr' id='par_1_9' title="bbox 194 3515 1099 3691">
     <span class='ocr_line' id='line_1_33' title="bbox 194 3515 1099 3603; baseline 0.004 -24"><span class='ocrx_word' id='word_1_163' title='bbox 194 3515 301 3580; x_wconf 89' lang='lat' dir='ltr'>Horas</span> <span class='ocrx_word' id='word_1_164' title='bbox 327 3517 465 3600; x_wconf 90' lang='lat' dir='ltr'>quinque</span> <span class='ocrx_word' id='word_1_165' title='bbox 489 3537 568 3599; x_wconf 89' lang='lat' dir='ltr'>puer</span> <span class='ocrx_word' id='word_1_166' title='bbox 590 3516 732 3580; x_wconf 88' lang='lat' dir='ltr'>nondum</span> <span class='ocrx_word' id='word_1_167' title='bbox 755 3517 816 3581; x_wconf 91' lang='lat' dir='ltr'>tibi</span> <span class='ocrx_word' id='word_1_168' title='bbox 839 3517 982 3603; x_wconf 88' lang='lat' dir='ltr'>nuntiat,</span> <span class='ocrx_word' id='word_1_169' title='bbox 1006 3522 1039 3582; x_wconf 91' lang='lat' dir='ltr'>et</span> <span class='ocrx_word' id='word_1_170' title='bbox 1062 3523 1099 3584; x_wconf 91' lang='lat' dir='ltr'>tu</span> 
     </span>
     <span class='ocr_line' id='line_1_34' title="bbox 238 3602 1066 3691; baseline 0.005 -24"><span class='ocrx_word' id='word_1_171' title='bbox 238 3603 309 3668; x_wconf 92' lang='lat' dir='ltr'>Iam</span> <span class='ocrx_word' id='word_1_172' title='bbox 332 3604 469 3669; x_wconf 83' lang='lat' dir='ltr'>conviva</span> <span class='ocrx_word' id='word_1_173' title='bbox 492 3604 587 3688; x_wconf 87' lang='lat' dir='ltr'>mihi,</span> <span class='ocrx_word' id='word_1_174' title='bbox 610 3602 804 3689; x_wconf 86' lang='lat' dir='ltr'>Gaeoiliane,</span> <span class='ocrx_word' id='word_1_175' title='bbox 828 3606 931 3691; x_wconf 84' lang='lat' dir='ltr'>venis,</span> <span class='ocrx_word' id='word_1_176' title='bbox 984 3672 987 3679; x_wconf 84' lang='grc'>,</span> <span class='ocrx_word' id='word_1_177' title='bbox 1063 3636 1066 3643; x_wconf 93' lang='grc'>·</span> 
     </span>
    </p>
   </div>
   <div class='ocr_carea' id='block_1_10' title="bbox 195 3692 1109 3891">
    <p class='ocr_par' dir='ltr' id='par_1_10' title="bbox 195 3692 1109 3891">
     <span class='ocr_line' id='line_1_35' title="bbox 195 3692 980 3759; baseline 0.004 -2"><span class='ocrx_word' id='word_1_178' title='bbox 195 3692 276 3758; x_wconf 78' lang='lat' dir='ltr'>(lum</span> <span class='ocrx_word' id='word_1_179' title='bbox 299 3692 395 3757; x_wconf 90' lang='lat' dir='ltr'>modo</span> <span class='ocrx_word' id='word_1_180' title='bbox 418 3692 603 3757; x_wconf 88' lang='lat' dir='ltr'>distulerint</span> <span class='ocrx_word' id='word_1_181' title='bbox 625 3715 741 3758; x_wconf 88' lang='lat' dir='ltr'>raucae</span> <span class='ocrx_word' id='word_1_182' title='bbox 765 3717 806 3759; x_wconf 85' lang='lat' dir='ltr'>va</span> <span class='ocrx_word' id='word_1_183' title='bbox 829 3693 836 3708; x_wconf 81' lang='grc'><strong><em>’</em></strong></span> <span class='ocrx_word' id='word_1_184' title='bbox 977 3696 980 3701; x_wconf 76' lang='grc'><strong>’</strong></span> 
     </span>
     <span class='ocr_line' id='line_1_36' title="bbox 229 3692 1109 3891; baseline 0.006 -45"><span class='ocrx_word' id='word_1_185' title='bbox 229 3781 280 3846; x_wconf 79' lang='lat' dir='ltr'>Et</span> <span class='ocrx_word' id='word_1_186' title='bbox 300 3779 495 3858; x_wconf 80' lang='lat' dir='ltr'>Floralicias</span> <span class='ocrx_word' id='word_1_187' title='bbox 518 3783 620 3849; x_wconf 89' lang='lat' dir='ltr'>lasset</span> <span class='ocrx_word' id='word_1_188' title='bbox 641 3782 764 3849; x_wconf 88' lang='lat' dir='ltr'>harena</span> <span class='ocrx_word' id='word_1_189' title='bbox 785 3692 1109 3891; x_wconf 59' lang='lat' dir='ltr'>tw</span> 
     </span>
    </p>
   </div>
   <div class='ocr_carea' id='block_1_11' title="bbox 0 0 1208 4132">
    <p class='ocr_par' dir='ltr' id='par_1_11' title="bbox 0 0 1208 4132">
     <span class='ocr_line' id='line_1_37' title="bbox 0 0 1208 4132; baseline 0 1"><span class='ocrx_word' id='word_1_190' title='bbox 0 0 1208 4132; x_wconf 95' lang='lat' dir='ltr'> </span> 
     </span>
    </p>
   </div>
  </div>
 </body>
</html>
