2408 4132
376 336 669 392 EPIGRAMMATON
686 338 752 394 LIB.
772 339 817 395 lx.
1033 337 1095 402 211

112 494 228 560 clnter
250 520 331 581 quae
354 499 421 563 rari
442 498 637 564 Laurentem
659 500 811 584 ponderis
835 523 947 584 aprum

180 585 343 651 Misimus:
365 587 483 651 Aetola
506 589 544 652 de
568 588 730 672 Calydone
753 592 855 672 putes.

137 674 184 739 At
206 679 243 738 tu
266 676 419 740 continuo
442 677 661 760 populumque
683 682 855 760 patresque
878 678 1018 760 vocasti,

180 763 301 829 Ructat
324 763 427 828 adhue
451 787 563 848 aprum
586 765 710 849 pallida
732 766 835 830 Roma
857 787 977 829 meum:

137 850 209 934 Ipse
221 853 425 938 ego,—quis
435 853 613 917 credar-
625 855 759 936 conviva
772 875 831 918 nec
845 853 978 918 ultimus
992 852 1096 936 haesi,

93 958 127 1005 10
182 938 244 1005 Sed
266 963 325 1004 nec
348 944 439 1005 costa
462 940 539 1004 data
562 945 612 1006 est
635 944 775 1007 caudave
798 941 898 1005 missa
920 941 1008 1005 mihi.

136 1029 186 1092 De
209 1029 385 1112 quadrante
408 1033 465 1094 tuo
490 1029 567 1112 quid
589 1052 729 1114 sperem,
753 1030 906 1095 Garrire?
941 1029 1043 1094 Nulla

181 1117 230 1181 De
252 1121 364 1181 nostro
387 1117 482 1182 nobis
505 1118 600 1182 uncia
621 1121 711 1183 venit
734 1140 822 1203 apro.

536 1248 652 1317 XLIX.

136 1346 225 1411 Haeo
249 1349 299 1410 est
321 1346 378 1409 illa
401 1347 481 1409 meis
505 1349 642 1411 multum
667 1350 800 1412 cantata
823 1348 957 1430 libellis,

181 1433 283 1510 Quam
306 1456 397 1498 meus
421 1434 550 1499 edidicit
573 1436 675 1501 lector
698 1440 850 1519 amatque
872 1440 993 1521 togam.

135 1523 355 1587 Partheniana
376 1522 440 1587 fuit
463 1524 620 1606 quondam
627 1575 635 1606 ,
658 1525 866 1589 memorabile
889 1525 973 1589 vatis

179 1611 309 1675 Munus:
332 1611 367 1675 in
389 1610 450 1676 hae
472 1613 560 1676 ibam
585 1614 827 1695 conspiciendus
851 1635 961 1696 equae,

109 1700 221 1766 5Dum
244 1721 342 1781 nova,
366 1699 440 1763 dum
463 1700 568 1765 nitida
589 1700 740 1788 fulgebat
763 1702 930 1785 splendida
952 1703 1041 1786 lana,

178 1789 328 1870 Dumque
351 1793 421 1852 erat
444 1791 586 1854 auctoris
609 1791 736 1877 nomine
761 1791 858 1873 digna
881 1791 943 1854 sui:

135 1876 228 1941 Nunc
252 1898 331 1940 anus
355 1881 388 1940 et
410 1878 548 1941 tremulo
571 1877 624 1941 vix
647 1878 831 1961 accipienda
853 1878 982 1962 tribuli,

180 1964 282 2041 Quam
305 1964 412 2048 possis
434 1964 561 2029 niveam
584 1966 688 2030 dicere
710 1967 779 2029 iure
802 1970 869 2031 tuo.

136 2052 219 2129 Quid
241 2075 307 2117 non
330 2054 427 2136 longa
449 2053 529 2136 dies,
553 2053 629 2136 quid
651 2076 715 2117 non
739 2054 926 2118 consumitis
951 2055 1048 2120 anni?

92 2160 124 2207 ιο
177 2142 267 2205 Haec
290 2145 369 2225 toga
392 2142 458 2204 iam
480 2163 545 2206 non
569 2146 618 2205 est
640 2141 871 2222 Partheniana,
895 2164 966 2206 mea
989 2147 1048 2209 est.

573 2281 608 2346 L.

134 2381 303 2465 Ingenium
327 2379 421 2462 mihi,
445 2377 563 2462 Gaure,
586 2379 705 2463 probas
729 2379 776 2443 sic
799 2400 868 2443 esse
892 2380 1061 2466 pusillum,

178 2469 328 2535 Carmina
350 2468 436 2551 quod
456 2467 587 2544 faciam,
611 2489 691 2550 quae
715 2467 874 2532 brevitate
896 2468 1034 2550 placent.

134 2558 304 2624 Confiteor.
342 2553 404 2621 Sed
427 2561 463 2620 tu
486 2555 536 2619 bis
560 2556 644 2619 senis
668 2555 804 2641 grandia
826 2555 919 2619 libris

178 2645 238 2722 Qui
262 2645 376 2710 scribis
400 2644 522 2708 Priami
544 2643 682 2728 proelia,
704 2665 840 2728 magnus
862 2643 960 2709 homo
984 2648 1040 2712 es?

106 2735 201 2800 5Nos
223 2734 359 2799 facimus
384 2733 477 2797 Bruti
498 2754 646 2816 puerum,
668 2754 727 2797 nos
750 2731 907 2817 Langona
929 2734 1050 2799 vivum:

176 2823 225 2887 Tu
248 2843 384 2908 magnus
408 2823 545 2905 luteum,
569 2819 688 2905 Gauro,
713 2820 855 2905 Giganta
876 2821 967 2887 facis.

562 2961 616 3026 LI.

132 3061 224 3138 Quod
247 3082 374 3143 semper
398 3082 529 3144 superos
552 3059 656 3124 invito
678 3059 781 3124 fratre
804 3063 944 3145 rogasti,

175 3151 258 3234 Hoc,
281 3148 424 3230 Lucane,
447 3148 508 3213 tibi
532 3149 682 3233 contigit,
706 3153 780 3212 ante
804 3149 894 3213 mori.

131 3238 258 3303 invidet
280 3238 337 3302 ille
359 3236 435 3320 tibi3
459 3235 590 3321 Stygias
612 3259 688 3300 nam
711 3236 824 3300 Tullus
849 3239 888 3300 ad
911 3239 1012 3302 undas

174 3327 332 3410 Optabat,
356 3325 502 3409 quamvis
526 3324 569 3388 sit
592 3324 708 3403 minor,
730 3323 778 3387 ire
800 3325 899 3408 prior.

102 3415 177 3481 5Tu
201 3415 280 3480 colis
304 3412 437 3497 Elysios
460 3413 663 3496 nemorisque
685 3413 853 3476 habitator
876 3413 1001 3476 amoeni

172 3505 254 3568 Esse
278 3509 334 3567 tuo
357 3501 498 3586 primum
521 3522 606 3565 nunc
630 3500 698 3564 sine
720 3501 822 3564 fratre
845 3501 949 3587 cupis3

127 3592 172 3657 Et
195 3593 223 3656 si
245 3592 312 3654 iam
334 3589 447 3654 nitidis
471 3589 614 3653 alternus
637 3590 726 3653 venit
749 3590 789 3653 ab
814 3589 924 3667 astru,

172 3680 235 3745 Pro
257 3679 391 3743 Polluce
413 3698 526 3744 mones
551 3675 696 3746 Castora
715 3699 761 3744 ne
779 3678 911 3744 redeat.
1132 3716 1165 3767 Ι

852 3777 910 3834 W*
