2408 4132
82 462 144 527 196
404 459 442 514 M.
460 458 544 514 VAL
562 455 760 513 nannetis

493 618 671 687 LXXVIII.

125 720 213 796 Quos
237 721 366 802 cuperet
387 717 567 803 Phlegraea
591 738 666 782 suos
687 716 824 781 victoria
846 717 954 801 ludos,

167 807 278 873 Indica
301 827 381 890 quos
405 811 535 889 cuperet
556 826 689 890 pompa,
712 804 833 888 Lyaee,
855 807 943 888 tuos,

124 896 213 960 Fecit
235 894 439 978 Hyperborei
462 893 641 958 celebrator
665 891 767 958 Stella
788 892 960 977 triumphi,

168 983 334 1068 Opudor1
359 1003 377 1047 o
400 982 520 1067 pietas!
543 984 575 1046 et
597 984 693 1065 putat
716 1002 786 1045 esse
808 1003 932 1064 parurn.

33 1148 36 1155 ¹
98 1071 199 1138 5Non
221 1072 271 1136 illi
294 1070 372 1135 satis
397 1075 447 1134 est
469 1070 601 1135 turbato
625 1068 772 1135 sordidus
796 1091 874 1134 auro
977 1081 980 1087 ’

166 1159 306 1224 Hermus
330 1162 363 1223 et
385 1157 543 1242 Hesperio
567 1157 623 1241 qui
645 1161 741 1223 sonat
763 1157 841 1222 orbo
863 1158 980 1243 Tagus.

124 1248 235 1314 Omnis
258 1247 358 1312 habet
381 1269 439 1312 sua
462 1247 545 1311 dona
569 1246 649 1310 diss:
671 1267 730 1311 noc
753 1245 839 1311 linea
861 1245 949 1311 dives

168 1335 295 1420 Cessat,
318 1339 350 1400 et
372 1335 406 1399 in
428 1336 583 1419 populum
605 1334 709 1398 multa
730 1333 845 1417 rapina
868 1333 968 1419 cadit;

124 1424 218 1490 Nunc
240 1424 374 1489 veniunt
397 1423 513 1488 subitis
537 1423 658 1488 lasciva
679 1422 874 1487 nomismata
896 1420 1030 1508 nimbis,

81 1530 114 1579 10
168 1511 263 1577 Nunc
287 1512 341 1575 dat
365 1515 527 1595 spectatas
550 1515 673 1576 tessera
695 1511 789 1595 larga
810 1511 911 1595 feras,

124 1600 219 1666 Nune
241 1602 375 1683 implere
399 1600 488 1664 sinus
512 1621 639 1664 securos
663 1598 782 1684 gaudet
804 1601 837 1664 et
859 1599 975 1666 absens

170 1687 312 1753 Sortitur
336 1686 497 1770 dominos,
518 1709 558 1752 ne
581 1688 753 1770 laceretur,
776 1687 854 1752 avis.

125 1775 208 1852 Quid
230 1797 394 1840 numerem
418 1797 528 1840 currus
546 1778 598 1840 ter
616 1774 758 1860 denaque
780 1775 924 1860 praemia
941 1776 1085 1863 palmae,

170 1864 257 1940 Quae
281 1864 355 1927 dare
378 1884 443 1927 non
466 1885 592 1947 semper
615 1864 726 1928 consul
749 1867 884 1948 uterque
907 1864 1013 1930 solet?

82 1968 114 2018 15
125 1951 242 2017 Omnia
265 1951 334 2034 sed,
357 1949 489 2034 Caesar,
511 1954 604 2015 tanto
627 1955 818 2036 superantur
840 1951 977 2038 honore,

170 2040 262 2116 Quod
286 2043 500 2124 spectatorem
523 2043 556 2104 te
578 2043 636 2105 tua
657 2039 768 2105 laurus
790 2040 898 2106 habet.

508 2179 656 2246 LXXIX.

125 2278 244 2344 Omnes
267 2282 324 2342 aut
347 2278 471 2342 vetulas
494 2277 602 2342 habes
619 2277 738 2342 amicas

58 2390 81 2444 s
124 2367 193 2431 Aut
214 2370 326 2450 turpes
348 2366 528 2450 vetulisque
550 2366 718 2431 foediores.

124 2454 194 2519 Has
217 2454 306 2519 ducis
330 2455 464 2520 comites
486 2455 655 2538 trahisque
677 2457 784 2519 tecum

124 2544 186 2608 Per
209 2543 369 2627 convivia,
392 2543 550 2626 porticus,
572 2543 710 2607 theatra.

99 2629 179 2696 oSic
201 2630 356 2714 formosa,
379 2629 528 2710 Fabulla,
552 2632 598 2696 sic
620 2629 730 2716 puella
752 2649 795 2694 es.

519 2761 646 2828 LXXX.

127 2857 319 2923 Sanctorum
342 2858 437 2923 nobis
460 2859 615 2923 miracula
637 2858 744 2922 reddis
768 2879 901 2923 avorum

169 2945 237 3011 Nec
259 2947 394 3030 pateris,
417 2945 549 3027 Caesar,
573 2948 699 3011 saecula
721 2968 802 3011 cana
824 2948 919 3030 mori,

127 3031 207 3098 Cum
232 3036 355 3097 veteres
378 3033 489 3097 Latiae
512 3034 594 3099 ritus
617 3039 813 3099 renovantur
834 3034 973 3099 harenae

170 3122 215 3185 Et
237 3124 362 3207 pugnat
383 3121 487 3185 virtus
512 3122 706 3207 simpliciore
729 3144 836 3187 manu.

101 3206 181 3274 osio
203 3210 318 3294 priscis
343 3213 487 3274 servatur
509 3211 611 3275 honos
634 3215 666 3274 te
689 3210 835 3294 praeside
858 3211 1005 3296 templis,

170 3297 216 3361 nt
239 3320 314 3362 casa
336 3301 403 3362 tam
427 3298 515 3362 culto
540 3299 599 3364 sub
621 3297 698 3363 Iove
720 3321 838 3364 numen
859 3298 988 3384 habct3,

127 3383 181 3451 Sic
202 3407 286 3450 nova
309 3387 385 3451 dum
408 3387 533 3470 condis,
555 3409 699 3471 revocas,
722 3385 883 3473 Auguste,
906 3387 1025 3473 priora„

171 3473 338 3539 Debentur
361 3497 441 3562 quae
466 3479 542 3541 sunt
565 3498 708 3560 quaeque
730 3475 820 3540 fuere
843 3475 913 3541 tihi.

509 3606 655 3673 LXXXI.

51 3716 55 3727 ¹
126 3702 201 3768 Non
223 3725 281 3787 per
304 3703 440 3787 mystica
463 3726 554 3770 sacra
576 3704 810 3790 Dindymenes,

112 3789 187 3856 Nec
205 3813 272 3876 per
291 3791 441 3862 Niliacae
465 3793 582 3863 bovem
602 3793 773 3879 iuuencae,
893 3798 1070 3883 Μ),
1115 3814 1119 3821 ·
