<?xml version="1.0" encoding="UTF-8"?>
<!DOCTYPE html PUBLIC "-//W3C//DTD XHTML 1.0 Transitional//EN"
    "http://www.w3.org/TR/xhtml1/DTD/xhtml1-transitional.dtd">
<html xmlns="http://www.w3.org/1999/xhtml" xml:lang="en" lang="en">
 <head>
  <title>
</title>
<meta http-equiv="Content-Type" content="text/html;charset=utf-8" />
  <meta name='ocr-system' content='tesseract 3.04.00' />
  <meta name='ocr-capabilities' content='ocr_page ocr_carea ocr_par ocr_line ocrx_word'/>
</head>
<body>
  <div class='ocr_page' id='page_1' title='image "./mvaleriimartial00gilbgoog/mvaleriimartial00gilbgoog_0371.png"; bbox 0 0 2408 4132; ppageno 0'>
   <div class='ocr_carea' id='block_1_1' title="bbox 91 503 769 572">
    <p class='ocr_par' dir='ltr' id='par_1_1' title="bbox 91 503 769 572">
     <span class='ocr_line' id='line_1_1' title="bbox 91 503 769 572; baseline -0.021 0"><span class='ocrx_word' id='word_1_1' title='bbox 91 508 157 572; x_wconf 76' lang='grc'><strong>324</strong></span> <span class='ocrx_word' id='word_1_2' title='bbox 416 507 454 560; x_wconf 88' lang='grc' dir='ltr'><strong>Μ.</strong></span> <span class='ocrx_word' id='word_1_3' title='bbox 472 505 555 560; x_wconf 75' lang='lat' dir='ltr'><strong>Vas.</strong></span> <span class='ocrx_word' id='word_1_4' title='bbox 574 503 769 558; x_wconf 85' lang='lat' dir='ltr'>MARTIALIS</span> 
     </span>
    </p>
   </div>
   <div class='ocr_carea' id='block_1_2' title="bbox 416 666 767 731">
    <p class='ocr_par' dir='ltr' id='par_1_2' title="bbox 416 666 767 731">
     <span class='ocr_line' id='line_1_2' title="bbox 416 666 767 731; baseline -0.006 0"><span class='ocrx_word' id='word_1_5' title='bbox 416 666 532 731; x_wconf 91' lang='lat' dir='ltr'>XXIV.</span> <span class='ocrx_word' id='word_1_6' title='bbox 556 669 641 731; x_wconf 77' lang='lat' dir='ltr'><strong>Abas</strong></span> <span class='ocrx_word' id='word_1_7' title='bbox 663 686 767 730; x_wconf 80' lang='lat' dir='ltr'><strong>aurea.</strong></span> 
     </span>
    </p>
   </div>
   <div class='ocr_carea' id='block_1_3' title="bbox 136 762 1021 936">
    <p class='ocr_par' dir='ltr' id='par_1_3' title="bbox 136 762 1021 936">
     <span class='ocr_line' id='line_1_3' title="bbox 136 762 1021 850; baseline -0.003 -22"><span class='ocrx_word' id='word_1_8' title='bbox 136 762 309 850; x_wconf 82' lang='lat' dir='ltr'>Splendida</span> <span class='ocrx_word' id='word_1_9' title='bbox 329 785 371 828; x_wconf 88' lang='lat' dir='ltr'><strong>ne</strong></span> <span class='ocrx_word' id='word_1_10' title='bbox 394 763 515 826; x_wconf 84' lang='lat' dir='ltr'><strong>madidi</strong></span> <span class='ocrx_word' id='word_1_11' title='bbox 537 763 661 828; x_wconf 80' lang='lat' dir='ltr'><strong>violent</strong></span> <span class='ocrx_word' id='word_1_12' title='bbox 684 762 878 846; x_wconf 85' lang='lat' dir='ltr'><strong>bombycina</strong></span> <span class='ocrx_word' id='word_1_13' title='bbox 902 762 1021 846; x_wconf 82' lang='lat' dir='ltr'><strong>crines,</strong></span> 
     </span>
     <span class='ocr_line' id='line_1_4' title="bbox 179 851 887 936; baseline -0.003 -20"><span class='ocrx_word' id='word_1_14' title='bbox 179 851 275 936; x_wconf 80' lang='lat' dir='ltr'>Figat</span> <span class='ocrx_word' id='word_1_15' title='bbox 299 873 375 916; x_wconf 90' lang='lat' dir='ltr'><strong>acus</strong></span> <span class='ocrx_word' id='word_1_16' title='bbox 398 856 501 916; x_wconf 87' lang='lat' dir='ltr'><strong>tortas</strong></span> <span class='ocrx_word' id='word_1_17' title='bbox 525 851 747 934; x_wconf 77' lang='lat' dir='ltr'><strong>sustineatque</strong></span> <span class='ocrx_word' id='word_1_18' title='bbox 771 872 887 914; x_wconf 90' lang='lat' dir='ltr'><strong>comas.</strong></span> 
     </span>
    </p>
   </div>
   <div class='ocr_carea' id='block_1_4' title="bbox 523 990 669 1060">
    <p class='ocr_par' dir='ltr' id='par_1_4' title="bbox 523 990 669 1060">
     <span class='ocr_line' id='line_1_5' title="bbox 523 990 669 1060; baseline -0.014 -4"><span class='ocrx_word' id='word_1_19' title='bbox 523 990 669 1060; x_wconf 74' lang='lat' dir='ltr'><strong>Pectines.</strong></span> 
     </span>
    </p>
   </div>
   <div class='ocr_carea' id='block_1_5' title="bbox 138 1086 936 1258">
    <p class='ocr_par' dir='ltr' id='par_1_5' title="bbox 138 1086 936 1258">
     <span class='ocr_line' id='line_1_6' title="bbox 138 1086 936 1170; baseline -0.001 -18"><span class='ocrx_word' id='word_1_20' title='bbox 138 1088 221 1164; x_wconf 82' lang='lat' dir='ltr'><strong>Quid</strong></span> <span class='ocrx_word' id='word_1_21' title='bbox 243 1087 341 1152; x_wconf 86' lang='lat' dir='ltr'><strong>faciet</strong></span> <span class='ocrx_word' id='word_1_22' title='bbox 361 1087 469 1151; x_wconf 90' lang='lat' dir='ltr'><strong>nullos</strong></span> <span class='ocrx_word' id='word_1_23' title='bbox 493 1086 546 1150; x_wconf 89' lang='lat' dir='ltr'><strong>hic</strong></span> <span class='ocrx_word' id='word_1_24' title='bbox 568 1087 740 1151; x_wconf 87' lang='lat' dir='ltr'><strong>inventura</strong></span> <span class='ocrx_word' id='word_1_25' title='bbox 763 1086 898 1170; x_wconf 78' lang='lat' dir='ltr'><strong>capillos</strong></span> <span class='ocrx_word' id='word_1_26' title='bbox 917 1124 936 1143; x_wconf 34' lang='grc' dir='ltr'><strong>κ»</strong></span> 
     </span>
     <span class='ocr_line' id='line_1_7' title="bbox 180 1174 890 1258; baseline 0 -19"><span class='ocrx_word' id='word_1_27' title='bbox 180 1175 341 1240; x_wconf 85' lang='lat' dir='ltr'><strong>Multifido</strong></span> <span class='ocrx_word' id='word_1_28' title='bbox 364 1176 468 1239; x_wconf 88' lang='lat' dir='ltr'><strong>buxus</strong></span> <span class='ocrx_word' id='word_1_29' title='bbox 493 1175 547 1258; x_wconf 90' lang='lat' dir='ltr'><strong>qui</strong></span> <span class='ocrx_word' id='word_1_30' title='bbox 570 1175 633 1240; x_wconf 89' lang='lat' dir='ltr'><strong>tibi</strong></span> <span class='ocrx_word' id='word_1_31' title='bbox 655 1175 750 1239; x_wconf 89' lang='lat' dir='ltr'><strong>dente</strong></span> <span class='ocrx_word' id='word_1_32' title='bbox 773 1174 890 1239; x_wconf 82' lang='lat' dir='ltr'><strong>datur?</strong></span> 
     </span>
    </p>
   </div>
   <div class='ocr_carea' id='block_1_6' title="bbox 466 1313 723 1380">
    <p class='ocr_par' dir='ltr' id='par_1_6' title="bbox 466 1313 723 1380">
     <span class='ocr_line' id='line_1_8' title="bbox 466 1313 723 1380; baseline 0.004 -1"><span class='ocrx_word' id='word_1_33' title='bbox 466 1313 583 1380; x_wconf 89' lang='lat' dir='ltr'>XXVI.</span> <span class='ocrx_word' id='word_1_34' title='bbox 606 1314 723 1380; x_wconf 76' lang='lat' dir='ltr'><strong>Orines.</strong></span> 
     </span>
    </p>
   </div>
   <div class='ocr_carea' id='block_1_7' title="bbox 139 1411 982 1583">
    <p class='ocr_par' dir='ltr' id='par_1_7' title="bbox 139 1411 982 1583">
     <span class='ocr_line' id='line_1_9' title="bbox 139 1411 982 1495; baseline -0.004 -18"><span class='ocrx_word' id='word_1_35' title='bbox 139 1411 290 1477; x_wconf 75' lang='lat' dir='ltr'><strong>Chattica</strong></span> <span class='ocrx_word' id='word_1_36' title='bbox 312 1411 506 1476; x_wconf 82' lang='lat' dir='ltr'><strong>Teutonicos</strong></span> <span class='ocrx_word' id='word_1_37' title='bbox 531 1411 675 1476; x_wconf 78' lang='lat' dir='ltr'><strong>accendIt</strong></span> <span class='ocrx_word' id='word_1_38' title='bbox 698 1433 811 1494; x_wconf 85' lang='lat' dir='ltr'><strong>spuma</strong></span> <span class='ocrx_word' id='word_1_39' title='bbox 834 1411 982 1495; x_wconf 77' lang='lat' dir='ltr'><strong>capillos:</strong></span> 
     </span>
     <span class='ocr_line' id='line_1_10' title="bbox 182 1498 838 1583; baseline -0.005 -17"><span class='ocrx_word' id='word_1_40' title='bbox 182 1499 327 1583; x_wconf 79' lang='lat' dir='ltr'><strong>Captivis</strong></span> <span class='ocrx_word' id='word_1_41' title='bbox 351 1498 473 1583; x_wconf 89' lang='lat' dir='ltr'><strong>poteris</strong></span> <span class='ocrx_word' id='word_1_42' title='bbox 496 1498 613 1564; x_wconf 87' lang='lat' dir='ltr'><strong>cultior</strong></span> <span class='ocrx_word' id='word_1_43' title='bbox 636 1521 705 1563; x_wconf 85' lang='lat' dir='ltr'><strong>esse</strong></span> <span class='ocrx_word' id='word_1_44' title='bbox 728 1499 838 1564; x_wconf 86' lang='lat' dir='ltr'><strong>comis.</strong></span> 
     </span>
    </p>
   </div>
   <div class='ocr_carea' id='block_1_8' title="bbox 140 1639 1040 1918">
    <p class='ocr_par' dir='ltr' id='par_1_8' title="bbox 140 1639 1040 1918">
     <span class='ocr_line' id='line_1_11' title="bbox 548 1639 641 1704; baseline -0.011 0"><span class='ocrx_word' id='word_1_45' title='bbox 548 1639 594 1704; x_wconf 81' lang='lat' dir='ltr'><strong>Sa</strong></span> <span class='ocrx_word' id='word_1_46' title='bbox 633 1689 641 1703; x_wconf 92' lang='lat'><strong>.</strong></span> 
     </span>
     <span class='ocr_line' id='line_1_12' title="bbox 140 1660 915 1831; baseline 0 -21"><span class='ocrx_word' id='word_1_47' title='bbox 140 1745 174 1810; x_wconf 86' lang='lat' dir='ltr'><strong>Si</strong></span> <span class='ocrx_word' id='word_1_48' title='bbox 198 1750 320 1810; x_wconf 86' lang='lat' dir='ltr'><strong>mutare</strong></span> <span class='ocrx_word' id='word_1_49' title='bbox 344 1767 440 1829; x_wconf 90' lang='lat' dir='ltr'><strong>paras</strong></span> <span class='ocrx_word' id='word_1_50' title='bbox 463 1660 637 1828; x_wconf 62' lang='lat' dir='ltr'><strong>longaeddd</strong></span> <span class='ocrx_word' id='word_1_51' title='bbox 662 1766 743 1809; x_wconf 87' lang='lat' dir='ltr'><strong>cana</strong></span> <span class='ocrx_word' id='word_1_52' title='bbox 765 1746 915 1831; x_wconf 86' lang='lat' dir='ltr'><strong>capillos,</strong></span> 
     </span>
     <span class='ocr_line' id='line_1_13' title="bbox 183 1831 1040 1918; baseline 0.002 -21"><span class='ocrx_word' id='word_1_53' title='bbox 183 1833 302 1917; x_wconf 82' lang='lat' dir='ltr'><strong>Accipe</strong></span> <span class='ocrx_word' id='word_1_54' title='bbox 324 1831 496 1897; x_wconf 88' lang='lat' dir='ltr'><strong>Mattiacas</strong></span> <span class='ocrx_word' id='word_1_55' title='bbox 514 1868 558 1877; x_wconf 95' lang='lat'>—</span> <span class='ocrx_word' id='word_1_56' title='bbox 578 1854 640 1916; x_wconf 92' lang='lat' dir='ltr'><strong>quo</strong></span> <span class='ocrx_word' id='word_1_57' title='bbox 664 1833 727 1896; x_wconf 90' lang='lat' dir='ltr'><strong>tibi</strong></span> <span class='ocrx_word' id='word_1_58' title='bbox 749 1834 863 1898; x_wconf 82' lang='lat' dir='ltr'><strong>calva?</strong></span> <span class='ocrx_word' id='word_1_59' title='bbox 886 1835 1040 1918; x_wconf 81' lang='lat' dir='ltr'><strong>-pilas</strong></span> 
     </span>
    </p>
   </div>
   <div class='ocr_carea' id='block_1_9' title="bbox 432 1970 757 2038">
    <p class='ocr_par' dir='ltr' id='par_1_9' title="bbox 432 1970 757 2038">
     <span class='ocr_line' id='line_1_14' title="bbox 432 1970 757 2038; baseline -0.003 -1"><span class='ocrx_word' id='word_1_60' title='bbox 432 1970 582 2037; x_wconf 88' lang='lat' dir='ltr'>XXVIII.</span> <span class='ocrx_word' id='word_1_61' title='bbox 612 1972 757 2038; x_wconf 82' lang='lat' dir='ltr'><strong>Umbella.</strong></span> 
     </span>
    </p>
   </div>
   <div class='ocr_carea' id='block_1_10' title="bbox 81 2068 997 2244">
    <p class='ocr_par' dir='ltr' id='par_1_10' title="bbox 81 2068 997 2244">
     <span class='ocr_line' id='line_1_15' title="bbox 81 2068 997 2153; baseline 0.002 -21"><span class='ocrx_word' id='word_1_62' title='bbox 81 2078 84 2084; x_wconf 85' lang='lat'>&#39;</span> <span class='ocrx_word' id='word_1_63' title='bbox 139 2068 259 2153; x_wconf 83' lang='lat' dir='ltr'><strong>Accipe</strong></span> <span class='ocrx_word' id='word_1_64' title='bbox 283 2092 364 2153; x_wconf 90' lang='lat' dir='ltr'><strong>quae</strong></span> <span class='ocrx_word' id='word_1_65' title='bbox 387 2070 505 2133; x_wconf 91' lang='lat' dir='ltr'><strong>nimios</strong></span> <span class='ocrx_word' id='word_1_66' title='bbox 529 2069 660 2133; x_wconf 87' lang='lat' dir='ltr'><strong>vincant</strong></span> <span class='ocrx_word' id='word_1_67' title='bbox 683 2071 875 2136; x_wconf 89' lang='lat' dir='ltr'><strong>umbracula</strong></span> <span class='ocrx_word' id='word_1_68' title='bbox 898 2071 997 2135; x_wconf 83' lang='lat' dir='ltr'><strong>soles:</strong></span> 
     </span>
     <span class='ocr_line' id='line_1_16' title="bbox 185 2155 909 2244; baseline 0.004 -24"><span class='ocrx_word' id='word_1_69' title='bbox 185 2155 234 2221; x_wconf 88' lang='lat' dir='ltr'><strong>Sit</strong></span> <span class='ocrx_word' id='word_1_70' title='bbox 255 2159 330 2222; x_wconf 90' lang='lat' dir='ltr'><strong>licet</strong></span> <span class='ocrx_word' id='word_1_71' title='bbox 354 2163 388 2223; x_wconf 90' lang='lat' dir='ltr'><strong>et</strong></span> <span class='ocrx_word' id='word_1_72' title='bbox 410 2162 539 2242; x_wconf 85' lang='lat' dir='ltr'><strong>ventus,</strong></span> <span class='ocrx_word' id='word_1_73' title='bbox 561 2162 594 2221; x_wconf 88' lang='lat' dir='ltr'><strong>tc</strong></span> <span class='ocrx_word' id='word_1_74' title='bbox 617 2161 675 2221; x_wconf 90' lang='lat' dir='ltr'><strong>tua</strong></span> <span class='ocrx_word' id='word_1_75' title='bbox 697 2160 768 2223; x_wconf 88' lang='lat' dir='ltr'><strong>vela</strong></span> <span class='ocrx_word' id='word_1_76' title='bbox 791 2163 909 2244; x_wconf 85' lang='lat' dir='ltr'><strong>tegent.</strong></span> 
     </span>
    </p>
   </div>
   <div class='ocr_carea' id='block_1_11' title="bbox 533 2298 659 2364">
    <p class='ocr_par' dir='ltr' id='par_1_11' title="bbox 533 2298 659 2364">
     <span class='ocr_line' id='line_1_17' title="bbox 533 2298 659 2364; baseline -0.008 0"><span class='ocrx_word' id='word_1_77' title='bbox 533 2298 659 2364; x_wconf 78' lang='lat' dir='ltr'><strong>Causea.</strong></span> 
     </span>
    </p>
   </div>
   <div class='ocr_carea' id='block_1_12' title="bbox 140 2403 884 2579">
    <p class='ocr_par' dir='ltr' id='par_1_12' title="bbox 140 2403 884 2579">
     <span class='ocr_line' id='line_1_18' title="bbox 140 2403 866 2489; baseline 0 -21"><span class='ocrx_word' id='word_1_78' title='bbox 140 2403 178 2469; x_wconf 91' lang='lat' dir='ltr'><strong>In</strong></span> <span class='ocrx_word' id='word_1_79' title='bbox 200 2405 395 2489; x_wconf 90' lang='lat' dir='ltr'><strong>Pompeiano</strong></span> <span class='ocrx_word' id='word_1_80' title='bbox 419 2409 525 2471; x_wconf 85' lang='lat' dir='ltr'><strong>tecum</strong></span> <span class='ocrx_word' id='word_1_81' title='bbox 549 2405 701 2487; x_wconf 83' lang='lat' dir='ltr'><strong>spectabo</strong></span> <span class='ocrx_word' id='word_1_82' title='bbox 723 2405 866 2469; x_wconf 89' lang='lat' dir='ltr'><strong>theatro:</strong></span> 
     </span>
     <span class='ocr_line' id='line_1_19' title="bbox 184 2493 884 2579; baseline -0.001 -21"><span class='ocrx_word' id='word_1_83' title='bbox 184 2493 268 2558; x_wconf 88' lang='lat' dir='ltr'><strong>Nam</strong></span> <span class='ocrx_word' id='word_1_84' title='bbox 290 2494 387 2558; x_wconf 90' lang='lat' dir='ltr'><strong>flatus</strong></span> <span class='ocrx_word' id='word_1_85' title='bbox 410 2494 531 2579; x_wconf 90' lang='lat' dir='ltr'><strong>populo</strong></span> <span class='ocrx_word' id='word_1_86' title='bbox 554 2494 626 2557; x_wconf 82' lang='lat' dir='ltr'><strong>vela</strong></span> <span class='ocrx_word' id='word_1_87' title='bbox 648 2513 768 2577; x_wconf 86' lang='lat' dir='ltr'><strong>negare</strong></span> <span class='ocrx_word' id='word_1_88' title='bbox 792 2497 884 2558; x_wconf 88' lang='lat' dir='ltr'><strong>solet.</strong></span> 
     </span>
    </p>
   </div>
   <div class='ocr_carea' id='block_1_13' title="bbox 450 2633 743 2698">
    <p class='ocr_par' dir='ltr' id='par_1_13' title="bbox 450 2633 743 2698">
     <span class='ocr_line' id='line_1_20' title="bbox 450 2633 743 2698; baseline -0.007 0"><span class='ocrx_word' id='word_1_89' title='bbox 450 2633 550 2698; x_wconf 91' lang='lat' dir='ltr'>XXX.</span> <span class='ocrx_word' id='word_1_90' title='bbox 579 2633 743 2698; x_wconf 79' lang='lat' dir='ltr'><strong>Venabula.</strong></span> 
     </span>
    </p>
   </div>
   <div class='ocr_carea' id='block_1_14' title="bbox 140 2738 936 2909">
    <p class='ocr_par' dir='ltr' id='par_1_14' title="bbox 140 2738 936 2909">
     <span class='ocr_line' id='line_1_21' title="bbox 140 2738 876 2823; baseline -0.001 -21"><span class='ocrx_word' id='word_1_91' title='bbox 140 2738 311 2823; x_wconf 83' lang='lat' dir='ltr'><strong>Excipient</strong></span> <span class='ocrx_word' id='word_1_92' title='bbox 334 2761 429 2823; x_wconf 88' lang='lat' dir='ltr'><strong>apros</strong></span> <span class='ocrx_word' id='word_1_93' title='bbox 453 2739 730 2823; x_wconf 81' lang='lat' dir='ltr'><strong>expectabuntque</strong></span> <span class='ocrx_word' id='word_1_94' title='bbox 753 2738 876 2818; x_wconf 90' lang='lat' dir='ltr'><strong>leones,</strong></span> 
     </span>
     <span class='ocr_line' id='line_1_22' title="bbox 187 2826 936 2909; baseline 0.003 -21"><span class='ocrx_word' id='word_1_95' title='bbox 187 2826 358 2891; x_wconf 89' lang='lat' dir='ltr'><strong>Intrabunt</strong></span> <span class='ocrx_word' id='word_1_96' title='bbox 380 2849 487 2909; x_wconf 86' lang='lat' dir='ltr'><strong>ursos,</strong></span> <span class='ocrx_word' id='word_1_97' title='bbox 511 2828 555 2890; x_wconf 89' lang='lat' dir='ltr'><strong>sit</strong></span> <span class='ocrx_word' id='word_1_98' title='bbox 578 2827 673 2891; x_wconf 90' lang='lat' dir='ltr'><strong>modo</strong></span> <span class='ocrx_word' id='word_1_99' title='bbox 696 2826 790 2889; x_wconf 89' lang='lat' dir='ltr'><strong>firma</strong></span> <span class='ocrx_word' id='word_1_100' title='bbox 812 2847 936 2890; x_wconf 84' lang='lat' dir='ltr'><strong>manus.</strong></span> 
     </span>
    </p>
   </div>
   <div class='ocr_carea' id='block_1_15' title="bbox 447 2964 753 3031">
    <p class='ocr_par' dir='ltr' id='par_1_15' title="bbox 447 2964 753 3031">
     <span class='ocr_line' id='line_1_23' title="bbox 447 2964 753 3031; baseline 0.007 -2"><span class='ocrx_word' id='word_1_101' title='bbox 447 2964 549 3030; x_wconf 78' lang='lat' dir='ltr'><strong>Culter</strong></span> <span class='ocrx_word' id='word_1_102' title='bbox 570 2967 753 3031; x_wconf 79' lang='lat' dir='ltr'><strong>venatorias.</strong></span> 
     </span>
    </p>
   </div>
   <div class='ocr_carea' id='block_1_16' title="bbox 143 3069 964 3242">
    <p class='ocr_par' dir='ltr' id='par_1_16' title="bbox 143 3069 964 3242">
     <span class='ocr_line' id='line_1_24' title="bbox 143 3069 906 3153; baseline -0.001 -17"><span class='ocrx_word' id='word_1_103' title='bbox 143 3070 178 3136; x_wconf 70' lang='lat' dir='ltr'><strong>si</strong></span> <span class='ocrx_word' id='word_1_104' title='bbox 202 3069 325 3134; x_wconf 86' lang='lat' dir='ltr'><strong>deiecta</strong></span> <span class='ocrx_word' id='word_1_105' title='bbox 348 3089 457 3152; x_wconf 85' lang='lat' dir='ltr'><strong>gemes</strong></span> <span class='ocrx_word' id='word_1_106' title='bbox 480 3070 579 3153; x_wconf 86' lang='lat' dir='ltr'><strong>longo</strong></span> <span class='ocrx_word' id='word_1_107' title='bbox 602 3072 763 3136; x_wconf 86' lang='lat' dir='ltr'><strong>venabula</strong></span> <span class='ocrx_word' id='word_1_108' title='bbox 785 3073 906 3153; x_wconf 81' lang='lat' dir='ltr'><strong>rostro,</strong></span> 
     </span>
     <span class='ocr_line' id='line_1_25' title="bbox 186 3156 964 3242; baseline 0.001 -20"><span class='ocrx_word' id='word_1_109' title='bbox 186 3157 248 3222; x_wconf 88' lang='lat' dir='ltr'><strong>Hic</strong></span> <span class='ocrx_word' id='word_1_110' title='bbox 271 3156 377 3222; x_wconf 86' lang='lat' dir='ltr'><strong>brevis</strong></span> <span class='ocrx_word' id='word_1_111' title='bbox 400 3156 565 3241; x_wconf 85' lang='lat' dir='ltr'><strong>ingentem</strong></span> <span class='ocrx_word' id='word_1_112' title='bbox 588 3159 732 3223; x_wconf 87' lang='lat' dir='ltr'><strong>cominus</strong></span> <span class='ocrx_word' id='word_1_113' title='bbox 755 3159 817 3223; x_wconf 92' lang='lat' dir='ltr'><strong>ibit</strong></span> <span class='ocrx_word' id='word_1_114' title='bbox 840 3180 964 3242; x_wconf 86' lang='lat' dir='ltr'><strong>aprum.</strong></span> 
     </span>
    </p>
   </div>
   <div class='ocr_carea' id='block_1_17' title="bbox 409 3295 788 3366">
    <p class='ocr_par' dir='ltr' id='par_1_17' title="bbox 409 3295 788 3366">
     <span class='ocr_line' id='line_1_26' title="bbox 409 3295 788 3366; baseline 0.008 -4"><span class='ocrx_word' id='word_1_115' title='bbox 409 3295 543 3362; x_wconf 90' lang='lat' dir='ltr'>XXXII.</span> <span class='ocrx_word' id='word_1_116' title='bbox 567 3297 788 3366; x_wconf 74' lang='lat' dir='ltr'><strong>Pararoaraaa.</strong></span> 
     </span>
    </p>
   </div>
   <div class='ocr_carea' id='block_1_18' title="bbox 142 3403 1025 3576">
    <p class='ocr_par' dir='ltr' id='par_1_18' title="bbox 142 3403 1025 3576">
     <span class='ocr_line' id='line_1_27' title="bbox 142 3403 1025 3490; baseline 0 -22"><span class='ocrx_word' id='word_1_117' title='bbox 142 3404 278 3469; x_wconf 87' lang='lat' dir='ltr'><strong>Militiae</strong></span> <span class='ocrx_word' id='word_1_118' title='bbox 301 3403 395 3468; x_wconf 88' lang='lat' dir='ltr'><strong>decus</strong></span> <span class='ocrx_word' id='word_1_119' title='bbox 418 3405 480 3468; x_wconf 94' lang='lat' dir='ltr'><strong>hoc</strong></span> <span class='ocrx_word' id='word_1_120' title='bbox 503 3403 651 3487; x_wconf 83' lang='lat' dir='ltr'><strong>gratique</strong></span> <span class='ocrx_word' id='word_1_121' title='bbox 674 3404 736 3469; x_wconf 88' lang='lat' dir='ltr'><strong>erit</strong></span> <span class='ocrx_word' id='word_1_122' title='bbox 759 3427 853 3470; x_wconf 89' lang='lat' dir='ltr'><strong>omen</strong></span> <span class='ocrx_word' id='word_1_123' title='bbox 875 3404 1025 3490; x_wconf 86' lang='lat' dir='ltr'><strong>honoris,</strong></span> 
     </span>
     <span class='ocr_line' id='line_1_28' title="bbox 186 3492 907 3576; baseline 0.001 -19"><span class='ocrx_word' id='word_1_124' title='bbox 186 3493 288 3558; x_wconf 85' lang='lat' dir='ltr'><strong>Arma</strong></span> <span class='ocrx_word' id='word_1_125' title='bbox 310 3492 519 3556; x_wconf 84' lang='lat' dir='ltr'><strong>tribunicium</strong></span> <span class='ocrx_word' id='word_1_126' title='bbox 543 3493 668 3574; x_wconf 80' lang='lat' dir='ltr'><strong>cingere</strong></span> <span class='ocrx_word' id='word_1_127' title='bbox 693 3493 790 3576; x_wconf 88' lang='lat' dir='ltr'><strong>digna</strong></span> <span class='ocrx_word' id='word_1_128' title='bbox 813 3495 907 3558; x_wconf 87' lang='lat' dir='ltr'><strong>latus.</strong></span> 
     </span>
    </p>
   </div>
   <div class='ocr_carea' id='block_1_19' title="bbox 134 3632 1054 3921">
    <p class='ocr_par' dir='ltr' id='par_1_19' title="bbox 134 3632 1054 3921">
     <span class='ocr_line' id='line_1_29' title="bbox 134 3632 1048 3893; baseline 0 -92"><span class='ocrx_word' id='word_1_129' title='bbox 134 3737 256 3823; x_wconf 80' lang='lat' dir='ltr'><strong>Pugio,</strong></span> <span class='ocrx_word' id='word_1_130' title='bbox 281 3758 376 3824; x_wconf 91' lang='lat' dir='ltr'><strong>quem</strong></span> <span class='ocrx_word' id='word_1_131' title='bbox 400 3758 498 3804; x_wconf 87' lang='lat' dir='ltr'><strong>curva</strong></span> <span class='ocrx_word' id='word_1_132' title='bbox 522 3632 1048 3893; x_wconf 54' lang='lat' dir='ltr'><strong>sigdllobrevism</strong></span> 
     </span>
     <span class='ocr_line' id='line_1_30' title="bbox 171 3825 1054 3921; baseline -0.007 -28"><span class='ocrx_word' id='word_1_133' title='bbox 171 3828 376 3896; x_wconf 74' lang='lat' dir='ltr'><strong>Stridentem</strong></span> <span class='ocrx_word' id='word_1_134' title='bbox 403 3828 525 3921; x_wconf 81' lang='lat' dir='ltr'><strong>gelidis</strong></span> <span class='ocrx_word' id='word_1_135' title='bbox 546 3827 638 3895; x_wconf 77' lang='lat' dir='ltr'><strong>lianc</strong></span> <span class='ocrx_word' id='word_1_136' title='bbox 659 3825 741 3894; x_wconf 59' lang='lat' dir='ltr'><strong>balo</strong></span> <span class='ocrx_word' id='word_1_137' title='bbox 773 3826 783 3841; x_wconf 82' lang='grc'><strong>“</strong></span> <span class='ocrx_word' id='word_1_138' title='bbox 1050 3884 1054 3887; x_wconf 88' lang='grc'>.</span> 
     </span>
    </p>
   </div>
   <div class='ocr_carea' id='block_1_20' title="bbox 0 0 1214 4132">
    <p class='ocr_par' dir='ltr' id='par_1_20' title="bbox 0 0 1214 4132">
     <span class='ocr_line' id='line_1_31' title="bbox 0 0 1214 4132; baseline 0 0"><span class='ocrx_word' id='word_1_139' title='bbox 0 0 1214 4132; x_wconf 95' lang='lat' dir='ltr'><strong> </strong></span> 
     </span>
    </p>
   </div>
  </div>
 </body>
</html>
