2408 4132
362 480 655 538 EPIGRAMMATON
674 481 740 537 LIB.
759 482 805 538 III.
1045 483 1087 548 67

127 644 266 710 Possum
279 643 462 727 Hecubam,
476 666 610 729 possum
623 643 779 734 Niobam,
792 643 970 731 Menenia,
989 646 1045 710 sed
1061 645 1090 710 si

172 732 326 798 Nondum
349 733 411 796 erit
433 732 493 795 illa
515 733 617 816 canis,
639 733 782 798 nondum
806 734 868 797 erit
889 735 948 798 illa
970 734 1064 819 lapis.

512 890 665 956 XXXIII.

125 996 305 1079 Ingenuam
328 997 429 1080 malo,
453 997 508 1061 sed
532 996 560 1061 si
581 1001 691 1062 tamen
712 998 772 1062 illa
793 1000 944 1082 negetur,

170 1083 339 1149 Libertina
361 1085 441 1149 mihi
465 1085 614 1168 proxima
636 1085 781 1150 condicio
806 1089 869 1150 est:

127 1172 284 1237 Extremo
308 1177 358 1237 esi
382 1173 501 1238 ancilla
522 1174 608 1239 Ioco:
633 1174 688 1239 sed
711 1174 818 1240 vincet
839 1177 1023 1259 utramque,

172 1259 206 1326 si
230 1261 313 1326 facie
335 1261 430 1327 nobis
454 1262 534 1326 haec
557 1262 619 1326 erit
640 1263 790 1348 ingenua.

512 1400 663 1468 XXXIV.

128 1507 237 1590 Digna
259 1511 317 1572 tuo
341 1530 397 1573 eur
420 1507 465 1572 sis
488 1509 682 1592 indignaque
704 1510 849 1592 nomine,
872 1508 984 1573 dicam.

171 1595 304 1680 Frigida
327 1618 361 1661 es
385 1600 418 1660 ei
440 1597 535 1682 nigra
558 1619 605 1662 es:
628 1620 695 1662 non
717 1620 751 1663 es
775 1601 807 1662 et
830 1618 865 1661 es
888 1596 1019 1661 Chione.

519 1737 653 1803 XXXV.

128 1843 220 1906 Artis
243 1841 416 1908 Phidiacae
440 1847 588 1908 toreuma
610 1844 733 1908 clarum

127 1929 237 1995 Pisces
261 1931 391 2015 aspicis:
417 1931 497 1996 adde
521 1954 652 2017 aquam,
673 1933 842 1998 natabunu

514 2072 662 2137 XXXVI.

129 2176 222 2252 Quod
244 2199 347 2243 novus
371 2181 404 2242 et
425 2198 529 2262 nuper
551 2178 657 2242 factus
680 2179 743 2243 tibi
764 2181 910 2262 praestat
933 2177 1067 2259 amicus,

172 2263 243 2329 Hoc
266 2269 434 2348 praestare
457 2266 549 2330 iubes
572 2288 637 2350 me,
659 2265 815 2350 Fabiana,
838 2267 913 2330 tibi:

119 2352 289 2418 Horridus
311 2358 349 2417 ui
370 2354 476 2437 primo
498 2358 531 2418 te
555 2376 681 2438 semper
703 2376 797 2418 mane
821 2354 958 2418 salui-em

173 2441 236 2506 Per
258 2443 462 2526 mediumque
486 2442 597 2507 trahai
619 2463 670 2506 me
692 2447 749 2506 tua
772 2443 854 2506 sella
875 2443 995 2525 Iuium,

103 2529 250 2595 eLassus
273 2534 310 2594 ut
331 2530 365 2593 in
388 2529 533 2595 thermas
557 2530 678 2595 decima
702 2531 752 2595 vel
776 2531 878 2595 serius
901 2530 983 2594 hora

173 2617 219 2683 Te
242 2640 359 2703 sequar
381 2617 562 2704 Agrippae,
585 2641 656 2684 cum
680 2619 769 2684 laver
790 2618 861 2704 ipse
882 2618 958 2682 Titi.

129 2705 200 2771 Hoc
223 2729 282 2793 per
303 2706 442 2790 triginta
464 2707 580 2791 merui,
602 2706 758 2792 Fabiano,
780 2707 988 2790 Decembres,

174 2793 220 2860 Ut
243 2795 304 2859 sim
328 2795 391 2860 tiro
415 2800 488 2860 tuae
513 2817 638 2880 semper
660 2796 842 2861 amicitiae?

129 2882 200 2948 Hoc
224 2883 338 2966 merui,
360 2882 516 2967 Fabiana,
538 2888 618 2970 toga
640 2885 780 2970 tritaque
804 2904 951 2968 meaque,

86 2989 119 3036 10
174 2970 221 3036 Ue
243 2972 386 3037 nondum
409 2971 520 3037 credas
543 2994 596 3037 me
618 2975 773 3038 meruisse
791 2971 925 3038 rudem?

506 3113 671 3178 XXXVII.

130 3219 231 3285 Irasci
253 3223 380 3284 tantum
403 3219 514 3284 felices
537 3220 641 3285 noscis
666 3220 769 3284 amici.

130 3307 206 3372 Non
228 3308 313 3373 belle
337 3308 456 3391 facitis,
479 3307 535 3372 sed
558 3309 647 3373 iuvat
669 3308 744 3373 hoc:
767 3307 873 3372 facite.

495 3446 676 3512 XXXVIII.

131 3555 219 3632 Quae
242 3559 276 3619 te
298 3577 395 3620 causa
417 3554 521 3619 trahit
544 3554 594 3618 vel
618 3576 699 3638 quae
721 3553 838 3618 fiducia
859 3551 1012 3635 Romam,
1094 3616 1096 3621 .

176 3641 294 3709 Sexte?
318 3644 394 3728 quid
417 3647 474 3708 aut
497 3664 609 3728 speras
632 3646 688 3707 aut
710 3642 794 3725 petis
816 3641 912 3705 inde?
935 3641 1027 3706 refer.

129 3731 291 3818 ‚,Causas“
314 3732 421 3816 inquis
442 3751 557 3815 „agam
582 3729 735 3796 Cicerone
759 3729 912 3794 diserIier
931 3729 1012 3808 ipss

172 3820 282 3904 Atque
304 3821 367 3887 erit
388 3821 423 3886 in
447 3819 574 3937 Irin
594 3844 657 3911 par
679 3820 768 3888 mini
786 3810 1017 3947 nepussurpi‘

575 3927 810 3979 »ν
938 3925 961 3972 a
