2408 4132
91 458 155 521 124
415 457 451 512 Μ.
471 455 551 510 VAL.
570 454 768 510 MARTIALIS

517 617 665 683 LXVIII.

134 724 256 788 Arctoa
279 723 317 788 dc
341 727 437 809 gente
460 745 586 788 comam
608 724 682 806 tibi,
705 723 835 805 Lesbia,
859 723 948 807 misi,

176 811 223 876 Ut
247 814 360 895 scires,
384 816 504 895 quanto
528 813 571 876 sIt
593 815 649 876 tua
672 811 756 876 flava
780 812 894 897 magis.

535 951 648 1016 LXIX.

132 1058 258 1123 Antoni
280 1057 399 1122 Phario
422 1057 470 1120 nil
493 1056 655 1121 obiecture
678 1056 819 1123 Pothino

175 1146 221 1210 Et
242 1146 345 1211 levius
368 1146 495 1227 tabula,
519 1167 615 1228 quam
639 1142 791 1210 Cicerone
814 1165 947 1210 nocens:

133 1234 217 1309 Quid
240 1234 384 1320 gladium
408 1235 536 1297 demens
560 1233 708 1297 Romana
731 1234 865 1319 stringis
888 1234 924 1296 in
947 1234 1029 1299 ora?

176 1322 248 1387 Hoc
272 1323 456 1386 admisisset
478 1342 537 1386 nec
560 1320 702 1386 Catilina
723 1322 825 1387 nefas.

107 1411 255 1494 olmpius
278 1411 410 1474 infando
434 1410 528 1474 miles
551 1411 766 1493 corrumpitur
789 1431 882 1494 auro,

177 1499 223 1563 Et
245 1499 347 1563 tantis
371 1499 485 1582 opibus
509 1520 571 1563 vox
594 1502 681 1562 tacet
703 1520 768 1562 una
791 1499 860 1562 tibi.

135 1586 219 1663 Quid
240 1590 377 1670 prosunt
401 1608 511 1651 sacrae
533 1587 677 1669 pretiosa
701 1587 831 1651 silentia
852 1587 1006 1670 linguae?

177 1675 339 1759 Incipient
362 1696 472 1739 omnes
495 1696 554 1756 pro
579 1673 730 1738 Cicerone
752 1675 851 1759 loqui.

543 1830 640 1896 LXX.

133 1938 280 2003 Infusum
304 1936 367 2002 sibi
388 1958 491 2021 nuper
513 1959 534 2001 a
555 1941 692 2020 patrono

132 2025 282 2111 Plenum,
305 2025 459 2108 Maxime,
482 2026 601 2090 centies
625 2023 770 2109 Syriscus

133 2115 172 2179 In
196 2115 367 2180 sellariolis
389 2136 492 2198 vagus
515 2114 644 2200 popinis
823 2178 826 2186 ,

134 2203 228 2268 Circa
250 2204 367 2267 balnea
389 2205 544 2287 quattuor
566 2203 700 2288 peregit.

108 2290 162 2356 50
187 2295 308 2375 quanta
332 2295 381 2356 est
404 2292 496 2377 gula,
519 2291 638 2357 centies
662 2293 818 2356 comesse!

135 2380 262 2456 Quanto
287 2380 390 2444 maior
413 2379 530 2464 adhuc,
552 2402 610 2445 nec
634 2380 802 2444 accubare!

534 2538 648 2603 LXXI.

134 2644 252 2710 Umida
275 2666 340 2728 qua
362 2645 484 2729 gelidas
508 2644 671 2709 submittit
693 2645 833 2710 Trebula
854 2646 956 2712 valles

178 2733 223 2797 Et
246 2733 357 2797 viridis
381 2734 487 2797 cancri
510 2733 674 2797 mensibus
697 2734 786 2818 alget
808 2755 899 2819 ager,

134 2820 224 2884 Rura
247 2818 405 2885 Cleonaeo
429 2842 595 2903 nunquam
618 2826 776 2885 temerata
798 2823 890 2887 leone

177 2908 223 2972 Et
246 2908 359 2971 domus
382 2908 497 2972 Aeolio
522 2930 648 2994 semper
671 2910 775 2974 amica
796 2909 899 2994 Noto,

79 2996 194 3078 ·5Te,
216 2994 381 3079 Faustine,
403 3000 533 3062 vocante
556 2997 671 3081 longas
694 2998 745 3062 his
770 2999 861 3083 exige
883 3021 1006 3068 messes
1118 3036 1121 3043 ·

178 3083 337 3167 Collibus,
359 3084 531 3148 hibernum
553 3086 619 3149 iam
642 3086 703 3150 tibi
725 3086 826 3151 Tibur
849 3087 919 3152 erit

526 3242 658 3310 LXXII.

134 3347 196 3423 Qui
217 3347 325 3433 potuit
347 3347 467 3413 Bacchi
490 3355 628 3419 matrem
651 3352 770 3416 dixisse
794 3353 989 3439 Tonantem,

176 3436 235 3501 Ille
258 3440 367 3519 potest
390 3436 538 3503 Semelen
560 3440 678 3520 dicere,
701 3440 798 3525 Rufe,
820 3445 956 3526 patrem

517 3598 666 3665 LXXIII.

131 3702 207 3767 Non
230 3704 430 3770 donemtibi
452 3728 508 3771 cur
532 3728 620 3771 meos
644 3706 773 3770 libellos

124 3790 243 3857 Oranti
266 3793 388 3860 totiens
412 3797 447 3861 et
470 3794 630 3885 exigenti,
