2408 4132
30 344 74 407 52
356 334 391 387 u
412 335 492 391 sm„
511 336 713 395 mamus

496 498 564 563 m

75 608 175 675 Novit
199 608 322 671 loturos
348 604 465 697 Dasius
487 628 672 670 numerate:
695 618 855 697 poposcit

118 698 330 761 Mammosam
355 692 509 776 Spatalen
531 716 591 778 pto
613 696 735 763 tribus:
758 702 821 769 illa
843 706 954 779 dedit,

77 944 133 1010 Vis
158 944 228 1007 fieri
252 940 356 1007 liber?
380 940 539 1015 mentium
561 940 716 1023 Maxime,
737 968 808 1013 non
830 954 903 1019 vis:

120 1032 183 1098 Sed
207 1032 276 1095 fieri
298 1032 327 1093 si
350 1028 413 1107 vis,
435 1027 493 1091 hae
517 1032 645 1094 ratione
666 1038 772 1113 potes„

76 1124 173 1187 Liber
195 1122 273 1193 eris,
295 1138 409 1181 cenare
430 1115 510 1179 foris
534 1118 577 1199 si,
598 1116 756 1203 Maxime,
778 1126 886 1213 nom,

121 1208 301 1273 Veientana
323 1222 414 1270 tuam
436 1205 465 1267 si
487 1205 597 1269 domat
619 1228 684 1270 uva
706 1208 814 1297 sitim,

49 1300 110 1365 ssi
135 1298 237 1361 ridere
259 1302 352 1380 potes
375 1294 486 1357 miseri
508 1293 720 1377 chrysendeta
742 1296 887 1389 (time,

120 1386 299 1452 Contentus
322 1396 435 1448 nostra
458 1383 486 1444 si
508 1394 601 1465 potes
624 1404 696 1447 esse
717 1388 815 1473 toga,

79 1478 113 1541 si
138 1476 264 1559 plebeia
286 1471 395 1536 Venus
419 1471 549 1556 gemino
571 1470 634 1534 tibi
654 1471 800 1540 vincitur
820 1500 915 1569 uso,

122 1564 157 1629 Si
180 1570 237 1626 tua
259 1584 325 1626 uon
347 1574 453 1623 rectus
477 1564 564 1623 tecta
586 1560 695 1624 subire
716 1570 824 1646 potes.

78 1652 165 1717 Haeo
189 1652 249 1715 sibi
272 1652 301 1713 si
324 1650 373 1712 vis
396 1652 460 1729 est,
482 1648 511 1711 si
533 1647 651 1712 mentis
673 1653 769 1715 tante
790 1658 968 1749 potem,

36 1760 67 1807 lo
122 1741 269 1805 Liberior
292 1737 416 1803 Partho
439 1736 547 1801 visere
569 1758 646 1823 rege
667 1744 771 1822 potes.

79 2004 163 2083 Quid
186 2005 225 2069 de
248 2008 294 2082 te,
316 2001 409 2085 Line,
432 2003 613 2084 suspicetur
635 2024 715 2068 uxor

79 2096 124 2159 ut
147 2116 210 2179 qua
232 2098 324 2177 parte
347 2091 426 2155 velit
448 2090 659 2176 pudiciorem,

79 2184 185 2248 (tortis
208 2182 334 2247 indiciis
358 2182 438 2244 satis
461 2178 624 2262 probavit,

79 2270 255 2337 Custodem
277 2271 339 2335 tibi
362 2291 444 2353 quae
468 2267 556 2332 dedit
579 2268 765 2352 spadonem.

54 2360 137 2427 oNil
160 2360 306 2426 nasutius
328 2358 390 2424 hac
413 2357 659 2441 maligniusque.

506 2514 572 2579 LV.

82 2626 140 2689 Vis
164 2630 211 2709 te,
234 2624 342 2708 Sexte,
365 2624 442 2690 ooli:
465 2621 616 2687 volebam
639 2646 757 2689 amare.

81 2714 262 2779 'Parendum
285 2713 432 2777 esttibi:
455 2711 540 2795 quod
562 2711 668 2795 iubes,
691 2714 811 2779 colere:

83 2802 145 2867 Sed
169 2801 197 2867 si
219 2808 251 2867 to
274 2802 359 2885 0010,
382 2799 492 2883 Sexte,
513 2822 580 2865 non
603 2802 728 2867 amabo.

499 2959 582 3025 LVI.

83 3068 240 3133 Gentibus
263 3068 297 3133 in
320 3067 449 3151 Libycis
473 3072 646 3151 uxortua,
669 3067 777 3153 Galle,
800 3068 885 3135 mals
908 3076 1005 3143 audit

126 3158 321 3222 immodicae
343 3154 438 3221 foedo
461 3156 594 3221 erimine
618 3156 782 3223 avaritiae.

84 3246 147 3311 Sod
170 3268 260 3311 mura
281 3249 456 3311 narrantur
479 3245 658 3310 mendacis:
680 3268 746 3311 non
769 3247 852 3311 solet
873 3247 933 3314 illa

127 3334 281 3419 Accipere
305 3334 445 3399 omnino
483 3332 567 3409 Quid
590 3334 674 3399 solet
697 3335 797 3421 ergo?
834 3334 930 3403 Dare.

489 3492 590 3559 LVII.

86 3600 145 3667 llio
169 3624 264 3687 quom
287 3598 403 3665 videtis
428 3600 592 3685 gressibus
614 3600 706 3685 vagis
729 3600 867 3687 lentum,

87 3688 367 3775 Amethystinatus
391 3688 495 3755 modia
519 3688 574 3772 qui
597 3693 685 3755 ssoat
708 3686 841 3775 Saepta,
