2408 4132
92 452 134 517 58
416 449 453 503 M.
472 447 553 502 VAL.
572 445 771 501 MARTIALIS

136 612 254 676 Trunci
277 611 411 675 naribus
435 575 770 693 auribusque'vultus.

55 737 59 743 ·
137 700 246 765 Credis
269 704 301 763 te
325 699 403 762 satis
427 721 496 763 esse
521 697 739 762 vlndieatum?

113 790 255 853 5Erras:
277 788 340 852 iste
363 790 472 870 potest
494 790 526 850 et
549 786 715 850 irrumare.

505 943 681 1008 LXXXIV.

68 1128 70 1132 ¹
137 1053 247 1118 Mollis
270 1055 340 1116 erat
363 1050 530 1134 facilisque
553 1050 631 1114 viris
653 1048 828 1114 Poeantius
851 1049 962 1114 heros:

182 1140 326 1205 Vulnera
349 1138 395 1204 sle
417 1137 545 1202 Paridis
569 1138 685 1202 dicitur
706 1138 777 1201 ulta
799 1137 918 1202 Venus.

137 1227 201 1293 Cur
224 1228 329 1312 lingat
351 1249 491 1292 cunnum
514 1224 639 1291 Siculus
663 1223 838 1306 Sertorius,
860 1225 922 1290 hoc
945 1231 1009 1294 est:

180 1317 263 1381 Esse
286 1315 361 1380 huic
385 1315 520 1398 occisus,
543 1314 638 1398 Rufe,
660 1313 787 1378 videtur
808 1314 910 1397 Eryx.

514 1472 675 1540 LXXXV.

136 1580 265 1646 Vimine
289 1581 378 1644 clusa
399 1579 465 1644 levi
486 1580 598 1644 niveae
622 1579 768 1644 custodia
790 1583 912 1664 coctae,

181 1668 252 1734 Hoc
275 1668 337 1733 tibi
360 1667 491 1732 Saturni
512 1671 657 1750 tempore
680 1690 796 1733 munus
820 1669 891 1734 erit.

138 1758 232 1822 Dona
255 1757 341 1840 quod
364 1756 497 1821 aestatis
521 1756 596 1820 misi
619 1755 681 1820 tibi
703 1778 811 1820 mense
834 1755 1020 1840 Decembri,

183 1844 219 1909 Si
242 1846 398 1928 quereris,
420 1866 528 1908 rasam
551 1848 587 1906 tu
610 1844 691 1907 mihi
714 1845 808 1909 mitte
830 1849 951 1929 togam.

507 2001 683 2066 LXXXVI.

139 2109 231 2185 Quod
252 2131 311 2174 nec
334 2108 474 2173 carmine
498 2109 621 2191 glorior
644 2109 758 2192 supino

137 2197 206 2263 Nec
227 2202 315 2262 retro
338 2198 411 2281 lego
436 2195 578 2261 Sotaden
600 2197 782 2280 cinaedum,

137 2287 305 2370 Nusquam
328 2284 488 2349 Graecula
511 2284 596 2368 quod
618 2289 767 2351 recantat
789 2284 868 2348 echo

136 2375 205 2439 Nec
228 2374 329 2439 dictat
350 2374 432 2437 mihi
454 2372 637 2437 luculentus
661 2373 749 2437 Attis

112 2463 271 2527 cMollem
294 2461 461 2526 debilitate
484 2461 697 2546 galliambon:

138 2550 213 2615 Non
237 2572 321 2633 sum,
344 2549 501 2626 Classica,
523 2553 591 2613 tam
614 2550 719 2613 malus
742 2551 847 2632 poeta.
939 2562 940 2566 ’

139 2638 236 2721 Quid,
259 2639 287 2702 si
310 2659 368 2722 per
391 2638 529 2723 graciles
552 2638 622 2701 vias
644 2638 771 2720 petauri

138 2726 282 2790 Invitum
303 2727 416 2790 iubeas
440 2726 547 2789 subire
570 2725 705 2790 Ladan?

139 2815 245 2897 Turpe
269 2818 320 2877 est
342 2812 489 2877 difficiles
512 2813 633 2878 habere
654 2835 759 2899 nugas

98 2919 130 2967 10
140 2903 186 2966 Et
209 2902 328 2965 stultus
352 2901 446 2966 labor
468 2907 519 2965 est
541 2901 747 2985 ineptiarum.

141 2989 269 3056 Scribat
292 2990 435 3054 carmina
457 2989 585 3054 circulis
607 2989 795 3074 Palaemon,

139 3077 297 3142 Menaria
321 3078 412 3142 iuvat
435 3078 566 3141 auribus
590 3079 726 3160 placere.
837 3099 840 3103 ’

502 3235 696 3301 LXXXVII.

140 3343 229 3408 Dicis
253 3363 361 3406 amore
384 3343 434 3406 tui
455 3342 560 3406 bellas
585 3343 696 3406 ardere
718 3342 858 3426 puellas,

185 3431 249 3508 Qui
270 3431 387 3496 faeiem
411 3431 471 3495 sub
494 3453 590 3515 aqua,
615 3429 722 3513 Sexte,
745 3429 888 3494 natantis
910 3429 1021 3496 habes.

493 3588 704 3656 LXXXVIII.

140 3694 198 3761 Nil
220 3695 339 3760 recItas
363 3700 396 3761 et
418 3695 482 3775 vis,
505 3694 678 3772 Mamerce,
701 3697 798 3778 poeta
820 3692 929 3760 videri.

179 3784 344 3866 Quidquid
367 3784 417 3850 vis
441 3787 526 3866 estc,
549 3782 724 3850 dummodo
744 3781 797 3848 nil
814 3782 942 3847 recites.
