2408 4132
85 479 151 546 248
412 480 450 536 Μ.
469 479 551 537 VAL.
570 479 768 535 MARTIALIS

129 643 174 707 Et
197 665 291 727 quae,
315 665 387 708 curn
411 643 563 709 comitem
584 642 687 708 trahit
709 643 878 727 pudorem,

130 729 262 814 Semper
285 732 457 815 pauperior
479 731 563 795 redit
586 734 744 814 potestas:

104 819 221 884 oFelix
244 821 401 884 auriferae
425 820 537 885 colone
560 822 679 900 terrae,

129 909 299 973 Rectorem
322 930 422 973 vacuo
446 909 519 973 sinu
541 908 688 972 remittes

131 995 331 1081 Optabisque
354 1018 476 1080 moras,
500 999 531 1059 et
554 999 723 1060 exeuntem

129 1083 202 1149 Udo
225 1084 380 1149 Dalmata
403 1085 522 1170 gaudio
546 1084 696 1169 sequeris.

129 1171 198 1238 Nos
222 1172 345 1256 Oeltas,
366 1173 489 1257 Macer,
513 1176 546 1236 et
568 1175 675 1237 truces
698 1171 840 1238 Hiberos

88 1277 119 1327 10
130 1260 211 1326 Oum
236 1261 392 1326 desiderio
415 1262 463 1326 tui
486 1264 642 1344 petemus.

130 1347 192 1414 Sed
215 1372 420 1434 quaecunque
443 1353 552 1414 tamen
574 1349 696 1413 feretur
718 1348 809 1414 illinc

128 1437 253 1503 Piscosi
276 1438 400 1503 calamo
424 1438 507 1525 Tagi
529 1442 656 1517 notata,

128 1525 274 1592 Macrum
297 1527 419 1612 pagina
441 1530 554 1591 nostra
575 1524 771 1591 nominabitt

129 1611 181 1680 Sic
203 1614 289 1679 inter
312 1618 436 1680 veteres
461 1616 552 1700 legar
574 1618 702 1698 poetas,

87 1701 198 1767 roNec
220 1702 340 1767 multos
363 1702 444 1767 mihi
466 1702 630 1787 praeferas
653 1703 789 1786 priores,

129 1790 203 1856 Uno
228 1791 283 1854 sed
306 1791 367 1854 tibi
390 1791 451 1854 sim
474 1791 580 1855 minor
603 1788 742 1854 Oatullo.

516 1919 660 1985 LXXIX.

130 2019 182 2082 Ad
204 2019 343 2102 lapidem
366 2019 550 2102 Torquatus
572 2017 674 2082 habet
696 2018 857 2102 praetoria
880 2021 1047 2103 quartum3

174 2106 226 2171 Ad
249 2111 399 2190 quartum
422 2107 520 2172 breve
543 2129 598 2173 rus
623 2106 701 2172 emit
724 2105 889 2173 Otacilius.
948 2161 951 2165 ,

129 2196 312 2280 Torquatus
335 2196 455 2260 nitidas
479 2195 567 2260 vario
592 2195 630 2260 de
653 2218 813 2260 marmore
835 2195 978 2259 thermas

173 2284 340 2370 Extruxit3
363 2306 529 2350 cucumam
551 2283 630 2350 fecit
652 2282 816 2350 Otacilius.

104 2372 299 2456 5Disposuit
323 2373 495 2458 daphnona
518 2394 576 2436 suo
600 2371 783 2456 Torquatus
806 2371 841 2435 in
864 2392 957 2457 agr03

174 2460 352 2527 Castaneas
376 2464 504 2526 centum
529 2461 612 2525 sevit
635 2459 800 2526 Otacilius.

130 2548 269 2617 Consule
293 2549 459 2634 Torquato
483 2549 546 2614 vici
566 2549 631 2613 fuit
653 2549 710 2614 ille
734 2548 902 2633 magister,
1030 2558 1032 2563 ’

173 2637 249 2703 Non
271 2638 378 2703 minor
400 2638 435 2702 in
458 2642 548 2701 tanto
571 2637 661 2702 visus
684 2637 806 2702 honore
830 2636 901 2701 sibi.

130 2726 266 2790 Grandis
290 2730 327 2790 ut
349 2727 500 2811 exiguam
522 2726 582 2790 bos
605 2748 719 2790 ranam
741 2729 874 2808 ruperat
896 2723 988 2809 olim,

88 2831 120 2879 10
176 2812 241 2897 Sic,
264 2818 357 2897 puto,
380 2814 564 2898 Torquatus
586 2818 715 2899 rumpet
738 2813 922 2879 Otacilium.

526 2952 653 3018 LXXX.

130 3050 243 3115 Plorat
265 3049 363 3131 Eros,
386 3048 535 3133 quotiens
558 3051 740 3116 maculosae
763 3053 880 3137 pocula
901 3072 1030 3118 murrae

173 3137 310 3222 Inspicit
333 3140 389 3202 aut
411 3159 528 3220 pueros
551 3139 731 3204 nobiliusve
754 3143 884 3225 citrum,

130 3226 176 3290 Et
198 3227 339 3312 gemitus
361 3225 426 3290 imo
451 3226 539 3290 ducit
562 3227 601 3291 de
624 3233 767 3313 pectore,
790 3229 876 3315 quod
897 3251 964 3296 non
992 3222 996 3228 ’

175 3313 258 3381 Tota
280 3315 379 3378 miser
402 3318 528 3380 coemat
552 3313 671 3399 Saepta
693 3315 840 3402 feratque
864 3318 1004 3384 domum.

105 3401 235 3478 oOuam
258 3403 354 3467 multi
377 3402 515 3488 faciunt,
539 3404 625 3489 quod
647 3404 746 3484 Eros,
769 3406 826 3471 scd
848 3406 970 3472 lumine
993 3406 1095 3475 sicco!

174 3491 255 3556 Pars
278 3493 382 3556 maior
404 3491 555 3556 lacrimas
580 3494 664 3558 ridet
687 3497 720 3558 et
742 3495 830 3560 intus
853 3495 963 3562 habet.

518 3633 654 3699 LXXXI

128 3727 209 3794 Oum
235 3730 299 3796 duo
322 3730 488 3796 venissent
509 3730 551 3796 ad
573 3684 724 3815 Phyllida
746 3754 840 3798 mane
862 3732 1008 3800 fututum

154 3816 208 3882 Et
228 3819 356 3888 nudam
383 3824 522 3910 cuperet
546 3842 676 3888 sumere
698 3825 835 3905 uterque
853 3823 963 3904 prior,
