2408 4132
147 284 211 348 160
471 281 509 334 n.
527 280 610 336 vnn.
630 278 828 335 nmrrnms

617 440 684 504 XL.

189 549 252 614 Hic
274 549 359 613 iacet
381 548 438 612 ille
462 570 558 612 senex
581 547 734 633 Augusta
755 550 852 610 notus
875 547 911 609 in
933 547 1021 630 aula,

233 637 367 702 Pectore
390 659 458 701 non
479 636 596 700 humili
618 656 734 719 passus
756 638 927 718 utrumque
950 634 1057 718 deum3

191 725 352 790 Natorum
374 726 478 807 pietas
503 723 622 788 sanetis
646 745 743 808 quem
765 722 911 809 coniugis
934 724 1059 787 umbris

233 813 377 878 Miscuit:
400 812 553 895 Elysium
576 812 721 896 possidet
744 811 839 875 ambo
862 832 984 876 nemus,

164 901 315 966 sOccidit
337 901 396 964 illa
418 901 508 984 prior
530 900 625 965 viridi
647 898 798 964 fraudata
820 899 966 964 iuventa:

214 989 296 1057 .Hic
318 1011 419 1073 prope
441 994 491 1053 ter
514 1010 606 1052 senas
629 987 711 1052 vixit
734 985 953 1070 Olympiadas.

190 1076 252 1142 Sed
273 1076 436 1142 festinatis
459 1081 590 1162 raptum
612 1076 675 1140 tibi
698 1075 833 1140 eredidit
855 1075 962 1160 annis,

232 1166 371 1251 Aspexit
394 1165 544 1230 lacrimas
569 1164 729 1248 quisquis,
751 1162 904 1247 Etrusca,
926 1166 1008 1228 tuas.

605 1305 689 1369 XLI.

190 1412 354 1477 Cosmicos
378 1433 447 1476 esse
469 1411 544 1495 tibi,
569 1409 739 1494 Semproni
762 1408 882 1492 Tucca,
905 1409 1038 1475 videris:

234 1499 394 1583 Cosmica,
418 1498 599 1583 Semproni,
621 1503 691 1563 tarn
714 1500 812 1582 mala,
836 1521 934 1583 quam
956 1500 1043 1564 bona
1067 1506 1155 1566 sunt.

599 1656 699 1721 XLII.

189 1763 377 1828 Muneribus
401 1763 510 1847 cupiat
533 1763 562 1826 si
584 1763 656 1847 quis
680 1764 871 1828 contendere
894 1767 1014 1848 tecum,

233 1852 361 1917 Audeat
383 1851 437 1915 hic
459 1850 567 1934 etiam,
590 1851 748 1935 Castrice,
771 1852 976 1917 carminibus.

190 1940 257 2005 Nos
280 1945 394 2005 tenues
416 1940 452 2003 in
473 1943 609 2024 utroque
633 1961 743 2004 sumus
766 1940 913 2024 vincique
935 1941 1057 2024 parati:

233 2028 311 2093 Inde
335 2049 433 2111 sopor
454 2028 549 2092 nobis
573 2032 606 2092 et
628 2028 735 2112 placet
758 2029 826 2093 alta
848 2029 948 2113 quies.

163 2117 271 2182 5Tam
289 2116 377 2182 mala
395 2138 451 2180 cur
468 2116 570 2202 igitur
589 2116 730 2181 dederim
748 2117 810 2181 tibi
828 2118 984 2201 carmina,
999 2119 1151 2201 quaeris?

188 2243 194 2260 ι
233 2206 371 2270 Alcinoo
394 2205 519 2269 nullum
541 2226 639 2288 poma
662 2204 787 2269 dedisse
809 2209 927 2289 putas?

588 2363 705 2428 XLIII.

188 2469 333 2534 Primum
357 2473 420 2552 est,
437 2473 476 2532 ut
492 2472 652 2553 praestes,
671 2470 699 2533 si
717 2469 794 2555 quid
812 2472 858 2551 11,
877 2467 994 2547 Cinna,
1012 2471 1151 2556 rogabo,

234 2557 319 2622 Illud
342 2556 457 2620 deinde
481 2578 631 2640 sequens,
654 2561 691 2622 ut
713 2559 791 2639 cito,
815 2556 931 2640 Cinna,
953 2579 1063 2645 neges.

189 2645 300 2730 Diligo
323 2647 557 2727 praestantem
580 2666 647 2710 non
670 2645 737 2729 odi,
760 2644 876 2729 Cinna,
898 2652 1085 2731 negantem:

234 2732 296 2798 Sed
318 2735 356 2796 tu
378 2753 437 2796 1111
459 2736 606 2816 praestas
631 2756 691 2798 nec
714 2735 793 2818 cite,
816 2732 934 2819 Cinna,
955 2755 1067 2819 negas.

590 2890 705 2957 XLIV.

190 2994 350 3059 Maximus
373 2995 429 3059 ille
451 2996 539 3078 tuus,
563 2996 670 3078 Ovidi,
694 2995 869 3062 Caesonius
892 2997 946 3063 hic
969 3004 1033 3083 est,

100 3118 117 3169 g
233 3081 332 3147 Cuius
356 3083 460 3148 adhuc
482 3084 609 3148 vultum
632 3085 741 3150 vivida
764 3108 838 3150 cera
859 3089 957 3151 tenet.

190 3171 285 3236 Hunc
306 3170 394 3236 Nero
419 3172 599 3258 damnavit,
622 3173 677 3237 sed
700 3176 737 3238 tu
760 3173 912 3239 damnare
934 3175 1099 3242 Neronem

234 3259 341 3324 Ausus
364 3282 398 3324 es
421 3264 454 3325 11
476 3260 621 3347 profugi,
642 3283 708 3326 non
730 3266 799 3346 tua,
821 3263 891 3327 fata
914 3264 1018 3348 sequi:
1073 3306 1076 3319 ·

164 3349 341 3432 erquora
362 3371 421 3432 per
445 3347 573 3432 Scyllae
596 3372 731 3436 magnus
755 3373 862 3416 comes
885 3353 986 3418 exulis
1008 3353 1080 3436 isti,

235 3436 297 3512 Qui
319 3437 415 3502 modo
438 3438 588 3502 nolueras
612 3439 754 3504 consulis
777 3439 824 3505 ire
847 3461 965 3506 comes.
1043 3504 1046 3512 ,

185 3523 222 3589 Si
246 3526 373 3590 victura
395 3525 476 3590 meis
500 3527 694 3593 mandantur
715 3529 848 3595 nomina
869 3528 1014 3607 chartis·
1036 3587 1041 3594 .

217 3617 263 3678 Et
284 3613 338 3681 fas
363 3619 414 3682 111
439 3616 543 3685 cineri
564 3639 619 3685 me
642 3630 1036 3735 superesffln„
1070 3631 1094 3691 .’
