2408 4132
10 39 1195 238 ,w

327 479 628 536 EPIGRAMMATON
646 479 714 536 Lus.
732 480 804 536 XIV.
1003 480 1065 544 331

427 641 543 708 Calices
565 645 703 708 caduca.

102 737 171 802 Nos
195 760 306 803 sumus
331 739 461 804 audacis
484 740 612 823 plebeia
634 743 816 804 toreumata
838 740 928 824 vitri,

147 825 270 890 Nostra
292 848 395 912 neque
420 827 546 892 ardenti
569 849 699 914 gemma
721 828 837 892 feritur
860 850 951 912 aqua.

313 966 410 1032 XCV.
432 968 550 1033 Patala
570 988 668 1034 careo
689 969 813 1034 naam.

104 1062 257 1138 Quamvis
282 1062 426 1130 Callaico
449 1067 585 1131 rubeam
608 1087 765 1152 generosa
787 1065 935 1148 meta110‚

148 1149 280 1217 Glorior
302 1158 373 1218 arte
396 1154 514 1239 magis:
537 1177 613 1219 nam
635 1153 731 1238 Myos
753 1154 816 1218 iste
838 1154 940 1218 labor.

427 1294 543 1361 Calices
571 1295 700 1360 Vatinii.

103 1387 194 1452 Vilia
217 1390 338 1454 sutoris
363 1391 495 1456 calicem
519 1397 728 1456 monumenta
750 1390 864 1456 Vatini

148 1477 282 1562 Accipe3
307 1478 363 1543 sed
385 1501 483 1543 nasus
505 1480 635 1566 longior
657 1481 714 1544 illc
736 1479 808 1546 fuit.

307 1617 437 1685 XCVII.
459 1620 578 1686 Lances
599 1621 818 1705 chrysendetae.

104 1715 245 1779 Grandia
267 1737 308 1779 ne
330 1715 418 1781 viola
440 1738 541 1801 parvo
565 1716 777 1802 chrysendeta
800 1716 915 1781 mullo:

148 1803 195 1868 Ut
216 1803 397 1883 minimum,
421 1805 522 1870 libras
547 1806 642 1871 debet
664 1807 783 1872 habere
807 1805 894 1870 duas.

433 1946 516 2011 Vasa
538 1947 697 2012 Arretina.

104 2050 259 2115 Arretina
279 2051 378 2114 nimis
401 2072 442 2115 ne
466 2074 601 2135 spernas
624 2075 702 2116 vasa
728 2073 908 2116 monemus:

150 2137 272 2204 Lautus
296 2144 366 2204 erat
388 2137 502 2203 Tuscis
525 2139 669 2205 Porsena
691 2140 855 2205 fictilibus.

408 2277 521 2344 ΧΟΙΧ.
543 2279 723 2345 Bascauda.

105 2385 251 2451 Barbara
274 2387 312 2450 de
334 2385 430 2469 pictis
454 2386 525 2448 veni
548 2385 708 2449 bascauda
730 2382 909 2467 Britannis,

151 2471 213 2537 Sed
236 2496 287 2538 me
310 2474 375 2538 iam
398 2474 524 2538 mavult
547 2473 651 2538 dicere
673 2473 779 2538 Roma
802 2493 901 2536 suam.

498 2615 637 2680 Pareccc.

106 2720 141 2786 Si
163 2743 229 2785 non
251 2721 366 2805 ignota
388 2723 440 2786 est
462 2719 548 2784 docti
570 2720 632 2783 tibi
655 2723 743 2783 terra
767 2717 901 2801 Catulli,

150 2808 278 2874 Potasti
299 2813 386 2874 testa
408 2807 542 2874 Raetica
564 2808 641 2874 vina
664 2828 745 2872 mea.

443 2946 494 3014 (ll.
517 2949 690 3014 Boletaria.
800 2962 802 2968 ’

107 3055 188 3121 Cum
212 3055 292 3120 mihi
313 3054 415 3121 boleti
438 3054 583 3120 dederint
604 3059 673 3120 tam
695 3055 805 3119 nobile
828 3075 958 3134 nornen,

151 3143 351 3210 Prototomis
373 3180 409 3190 —
430 3145 531 3229 pudet
553 3143 630 3208 heu!
652 3179 689 3190 -
711 3143 816 3209 servio
840 3141 993 3214 coliculis.

403 3283 520 3350 Calices
541 3283 729 3350 Sarrastiai.

108 3392 228 3476 Accipe
250 3411 317 3456 non
340 3390 398 3455 vili
421 3391 536 3455 calices
560 3391 598 3454 dc
620 3390 752 3474 pulvere
774 3390 883 3470 natos,

154 3479 215 3545 Sed
239 3478 448 3544 Surrentinae
470 3479 541 3543 leva
563 3482 712 3543 toreuma
734 3480 833 3540 rotae.

365 3617 451 3684 0111.
473 3618 581 3684 Colum
603 3619 770 3684 nicanum.

109 3725 252 3810 Setinos,
273 3746 402 3808 moneo,
424 3728 539 3791 nostra
560 3724 634 3789 nive
657 3724 771 3809 frango
793 3722 941 3787 trientes:

152 3812 350 3901 Pauperiore
372 3834 460 3879 mero
484 3813 615 3900 tingere
633 3813 708 3878 lina
726 3815 840 3898 notes.
