<?xml version="1.0" encoding="UTF-8"?>
<!DOCTYPE html PUBLIC "-//W3C//DTD XHTML 1.0 Transitional//EN"
    "http://www.w3.org/TR/xhtml1/DTD/xhtml1-transitional.dtd">
<html xmlns="http://www.w3.org/1999/xhtml" xml:lang="en" lang="en">
 <head>
  <title>
</title>
<meta http-equiv="Content-Type" content="text/html;charset=utf-8" />
  <meta name='ocr-system' content='tesseract 3.04.00' />
  <meta name='ocr-capabilities' content='ocr_page ocr_carea ocr_par ocr_line ocrx_word'/>
</head>
<body>
  <div class='ocr_page' id='page_1' title='image "./mvaleriimartial00gilbgoog/mvaleriimartial00gilbgoog_0379.png"; bbox 0 0 2408 4132; ppageno 0'>
   <div class='ocr_carea' id='block_1_1' title="bbox 27 39 1134 90">
    <p class='ocr_par' dir='ltr' id='par_1_1' title="bbox 27 39 1134 90">
     <span class='ocr_line' id='line_1_1' title="bbox 27 39 1134 90; baseline -0.006 0"><span class='ocrx_word' id='word_1_1' title='bbox 27 39 1134 90; x_wconf 79' lang='lat'>———</span> 
     </span>
    </p>
   </div>
   <div class='ocr_carea' id='block_1_2' title="bbox 110 315 791 382">
    <p class='ocr_par' dir='ltr' id='par_1_2' title="bbox 110 315 791 382">
     <span class='ocr_line' id='line_1_2' title="bbox 110 315 791 382; baseline -0.023 0"><span class='ocrx_word' id='word_1_2' title='bbox 110 317 175 382; x_wconf 80' lang='lat'>332</span> <span class='ocrx_word' id='word_1_3' title='bbox 437 316 474 371; x_wconf 89' lang='lat' dir='ltr'>M.</span> <span class='ocrx_word' id='word_1_4' title='bbox 495 315 574 371; x_wconf 85' lang='lat' dir='ltr'><strong>VAL.</strong></span> <span class='ocrx_word' id='word_1_5' title='bbox 594 315 791 368; x_wconf 83' lang='lat' dir='ltr'><strong>MARTIALIS</strong></span> 
     </span>
    </p>
   </div>
   <div class='ocr_carea' id='block_1_3' title="bbox 471 479 756 543">
    <p class='ocr_par' dir='ltr' id='par_1_3' title="bbox 471 479 756 543">
     <span class='ocr_line' id='line_1_3' title="bbox 471 479 756 543; baseline -0.004 0"><span class='ocrx_word' id='word_1_6' title='bbox 471 479 584 543; x_wconf 81' lang='lat' dir='ltr'>Soccus</span> <span class='ocrx_word' id='word_1_7' title='bbox 606 480 756 543; x_wconf 77' lang='lat' dir='ltr'>aloarius</span> 
     </span>
    </p>
   </div>
   <div class='ocr_carea' id='block_1_4' title="bbox 154 575 919 748">
    <p class='ocr_par' dir='ltr' id='par_1_4' title="bbox 154 575 919 748">
     <span class='ocr_line' id='line_1_4' title="bbox 154 575 919 641; baseline -0.001 -2"><span class='ocrx_word' id='word_1_8' title='bbox 154 575 333 640; x_wconf 78' lang='lat' dir='ltr'><strong>Attenuare</strong></span> <span class='ocrx_word' id='word_1_9' title='bbox 356 576 445 641; x_wconf 86' lang='lat' dir='ltr'>nives</span> <span class='ocrx_word' id='word_1_10' title='bbox 467 578 588 639; x_wconf 86' lang='lat' dir='ltr'>norunt</span> <span class='ocrx_word' id='word_1_11' title='bbox 611 578 643 638; x_wconf 91' lang='lat' dir='ltr'>et</span> <span class='ocrx_word' id='word_1_12' title='bbox 666 575 768 639; x_wconf 89' lang='lat' dir='ltr'>lintea</span> <span class='ocrx_word' id='word_1_13' title='bbox 790 578 919 638; x_wconf 87' lang='lat' dir='ltr'>nostra:</span> 
     </span>
     <span class='ocr_line' id='line_1_5' title="bbox 197 662 836 748; baseline -0.002 -21"><span class='ocrx_word' id='word_1_14' title='bbox 197 662 359 748; x_wconf 76' lang='lat' dir='ltr'>Frigidior</span> <span class='ocrx_word' id='word_1_15' title='bbox 382 663 452 727; x_wconf 90' lang='lat' dir='ltr'>colo</span> <span class='ocrx_word' id='word_1_16' title='bbox 476 685 541 727; x_wconf 89' lang='lat' dir='ltr'>non</span> <span class='ocrx_word' id='word_1_17' title='bbox 565 663 641 727; x_wconf 89' lang='lat' dir='ltr'>salit</span> <span class='ocrx_word' id='word_1_18' title='bbox 663 662 749 726; x_wconf 87' lang='lat' dir='ltr'>unda</span> <span class='ocrx_word' id='word_1_19' title='bbox 770 664 836 726; x_wconf 89' lang='lat' dir='ltr'>tuo.</span> 
     </span>
    </p>
   </div>
   <div class='ocr_carea' id='block_1_5' title="bbox 383 801 845 870">
    <p class='ocr_par' dir='ltr' id='par_1_5' title="bbox 383 801 845 870">
     <span class='ocr_line' id='line_1_6' title="bbox 383 801 845 870; baseline -0.002 -1"><span class='ocrx_word' id='word_1_20' title='bbox 383 801 449 869; x_wconf 85' lang='lat' dir='ltr'>CV.</span> <span class='ocrx_word' id='word_1_21' title='bbox 479 802 597 870; x_wconf 80' lang='lat' dir='ltr'><em>Urceoli</em></span> <span class='ocrx_word' id='word_1_22' title='bbox 618 803 845 868; x_wconf 70' lang='lat' dir='ltr'>ministratorii.</span> 
     </span>
    </p>
   </div>
   <div class='ocr_carea' id='block_1_6' title="bbox 154 898 1000 1070">
    <p class='ocr_par' dir='ltr' id='par_1_6' title="bbox 154 898 1000 1070">
     <span class='ocr_line' id='line_1_7' title="bbox 154 898 1000 985; baseline 0.001 -22"><span class='ocrx_word' id='word_1_23' title='bbox 154 900 286 985; x_wconf 82' lang='lat' dir='ltr'>Frigida</span> <span class='ocrx_word' id='word_1_24' title='bbox 308 921 374 965; x_wconf 93' lang='lat' dir='ltr'>non</span> <span class='ocrx_word' id='word_1_25' title='bbox 396 900 513 983; x_wconf 85' lang='lat' dir='ltr'>deerit,</span> <span class='ocrx_word' id='word_1_26' title='bbox 535 921 600 964; x_wconf 92' lang='lat' dir='ltr'>non</span> <span class='ocrx_word' id='word_1_27' title='bbox 623 898 725 963; x_wconf 90' lang='lat' dir='ltr'>deerit</span> <span class='ocrx_word' id='word_1_28' title='bbox 748 900 839 964; x_wconf 90' lang='lat' dir='ltr'>calda</span> <span class='ocrx_word' id='word_1_29' title='bbox 861 900 1000 983; x_wconf 89' lang='lat' dir='ltr'>petenti.</span> 
     </span>
     <span class='ocr_line' id='line_1_8' title="bbox 200 987 812 1070; baseline -0.003 -17"><span class='ocrx_word' id='word_1_30' title='bbox 200 987 263 1054; x_wconf 86' lang='lat' dir='ltr'>Sed</span> <span class='ocrx_word' id='word_1_31' title='bbox 285 992 321 1053; x_wconf 92' lang='lat' dir='ltr'>tu</span> <span class='ocrx_word' id='word_1_32' title='bbox 345 1008 475 1053; x_wconf 83' lang='lat' dir='ltr'>morosa</span> <span class='ocrx_word' id='word_1_33' title='bbox 496 987 607 1052; x_wconf 87' lang='lat' dir='ltr'>ludera</span> <span class='ocrx_word' id='word_1_34' title='bbox 630 1009 725 1070; x_wconf 87' lang='lat' dir='ltr'>parce</span> <span class='ocrx_word' id='word_1_35' title='bbox 749 988 812 1052; x_wconf 92' lang='lat' dir='ltr'>siti.</span> 
     </span>
    </p>
   </div>
   <div class='ocr_carea' id='block_1_7' title="bbox 154 1127 1031 1407">
    <p class='ocr_par' dir='ltr' id='par_1_7' title="bbox 154 1127 1031 1407">
     <span class='ocr_line' id='line_1_9' title="bbox 489 1127 737 1208; baseline -0.008 -14"><span class='ocrx_word' id='word_1_36' title='bbox 489 1127 604 1194; x_wconf 79' lang='lat' dir='ltr'><strong><em>Urceus</em></strong></span> <span class='ocrx_word' id='word_1_37' title='bbox 624 1129 737 1208; x_wconf 73' lang='lat' dir='ltr'>fictilis.</span> 
     </span>
     <span class='ocr_line' id='line_1_10' title="bbox 154 1233 960 1316; baseline 0.005 -20"><span class='ocrx_word' id='word_1_38' title='bbox 154 1233 216 1298; x_wconf 89' lang='lat' dir='ltr'>Hic</span> <span class='ocrx_word' id='word_1_39' title='bbox 238 1234 300 1298; x_wconf 90' lang='lat' dir='ltr'>tibi</span> <span class='ocrx_word' id='word_1_40' title='bbox 324 1235 462 1298; x_wconf 87' lang='lat' dir='ltr'>donatur</span> <span class='ocrx_word' id='word_1_41' title='bbox 484 1233 591 1316; x_wconf 85' lang='lat' dir='ltr'>panda</span> <span class='ocrx_word' id='word_1_42' title='bbox 613 1234 711 1297; x_wconf 89' lang='lat' dir='ltr'>ruber</span> <span class='ocrx_word' id='word_1_43' title='bbox 733 1255 846 1299; x_wconf 90' lang='lat' dir='ltr'>urceus</span> <span class='ocrx_word' id='word_1_44' title='bbox 870 1255 960 1300; x_wconf 85' lang='lat' dir='ltr'>ansa.</span> 
     </span>
     <span class='ocr_line' id='line_1_11' title="bbox 199 1319 1031 1407; baseline 0.006 -22"><span class='ocrx_word' id='word_1_45' title='bbox 199 1319 325 1387; x_wconf 87' lang='lat' dir='ltr'>Stoicus</span> <span class='ocrx_word' id='word_1_46' title='bbox 348 1321 410 1387; x_wconf 88' lang='lat' dir='ltr'>hoo</span> <span class='ocrx_word' id='word_1_47' title='bbox 433 1322 574 1407; x_wconf 80' lang='lat' dir='ltr'>gelidam</span> <span class='ocrx_word' id='word_1_48' title='bbox 596 1320 718 1386; x_wconf 77' lang='lat' dir='ltr'>Fronto</span> <span class='ocrx_word' id='word_1_49' title='bbox 741 1322 874 1407; x_wconf 83' lang='lat' dir='ltr'>petebat</span> <span class='ocrx_word' id='word_1_50' title='bbox 898 1344 1031 1406; x_wconf 87' lang='lat' dir='ltr'>aquam.</span> 
     </span>
    </p>
   </div>
   <div class='ocr_carea' id='block_1_8' title="bbox 486 1460 743 1528">
    <p class='ocr_par' dir='ltr' id='par_1_8' title="bbox 486 1460 743 1528">
     <span class='ocr_line' id='line_1_12' title="bbox 486 1460 743 1528; baseline 0.004 -2"><span class='ocrx_word' id='word_1_51' title='bbox 486 1460 586 1526; x_wconf 76' lang='lat' dir='ltr'><strong>GVH.</strong></span> <span class='ocrx_word' id='word_1_52' title='bbox 609 1460 743 1528; x_wconf 74' lang='lat' dir='ltr'>Oalrctlci.</span> 
     </span>
    </p>
   </div>
   <div class='ocr_carea' id='block_1_9' title="bbox 155 1557 1086 1730">
    <p class='ocr_par' dir='ltr' id='par_1_9' title="bbox 155 1557 1086 1730">
     <span class='ocr_line' id='line_1_13' title="bbox 155 1557 1086 1648; baseline 0.005 -25"><span class='ocrx_word' id='word_1_53' title='bbox 155 1557 225 1623; x_wconf 89' lang='lat' dir='ltr'>Nos</span> <span class='ocrx_word' id='word_1_54' title='bbox 249 1557 372 1643; x_wconf 82' lang='lat' dir='ltr'>Satyri,</span> <span class='ocrx_word' id='word_1_55' title='bbox 394 1581 453 1624; x_wconf 87' lang='lat' dir='ltr'>nos</span> <span class='ocrx_word' id='word_1_56' title='bbox 476 1557 624 1624; x_wconf 90' lang='lat' dir='ltr'>Bacchus</span> <span class='ocrx_word' id='word_1_57' title='bbox 648 1561 749 1640; x_wconf 88' lang='lat' dir='ltr'>amat,</span> <span class='ocrx_word' id='word_1_58' title='bbox 771 1580 832 1624; x_wconf 90' lang='lat' dir='ltr'>nos</span> <span class='ocrx_word' id='word_1_59' title='bbox 856 1559 947 1624; x_wconf 89' lang='lat' dir='ltr'>ebria</span> <span class='ocrx_word' id='word_1_60' title='bbox 970 1562 1086 1648; x_wconf 78' lang='lat' dir='ltr'>tigris,</span> 
     </span>
     <span class='ocr_line' id='line_1_14' title="bbox 199 1647 908 1730; baseline 0.003 -19"><span class='ocrx_word' id='word_1_61' title='bbox 199 1647 351 1713; x_wconf 82' lang='lat' dir='ltr'>Perfusos</span> <span class='ocrx_word' id='word_1_62' title='bbox 374 1648 497 1712; x_wconf 90' lang='lat' dir='ltr'>domini</span> <span class='ocrx_word' id='word_1_63' title='bbox 518 1647 661 1712; x_wconf 84' lang='lat' dir='ltr'>lambere</span> <span class='ocrx_word' id='word_1_64' title='bbox 683 1647 779 1712; x_wconf 85' lang='lat' dir='ltr'>docta</span> <span class='ocrx_word' id='word_1_65' title='bbox 801 1647 908 1730; x_wconf 88' lang='lat' dir='ltr'>pedes.</span> 
     </span>
    </p>
   </div>
   <div class='ocr_carea' id='block_1_10' title="bbox 455 1787 769 1868">
    <p class='ocr_par' dir='ltr' id='par_1_10' title="bbox 455 1787 769 1868">
     <span class='ocr_line' id='line_1_15' title="bbox 455 1787 769 1868; baseline -0.006 -15"><span class='ocrx_word' id='word_1_66' title='bbox 455 1788 570 1854; x_wconf 81' lang='lat' dir='ltr'>Calices</span> <span class='ocrx_word' id='word_1_67' title='bbox 592 1787 769 1868; x_wconf 69' lang='lat' dir='ltr'>Socratici.</span> 
     </span>
    </p>
   </div>
   <div class='ocr_carea' id='block_1_11' title="bbox 156 1895 1030 2069">
    <p class='ocr_par' dir='ltr' id='par_1_11' title="bbox 156 1895 1030 2069">
     <span class='ocr_line' id='line_1_16' title="bbox 156 1895 1030 1982; baseline 0.002 -23"><span class='ocrx_word' id='word_1_68' title='bbox 156 1895 245 1972; x_wconf 78' lang='lat' dir='ltr'>Quae</span> <span class='ocrx_word' id='word_1_69' title='bbox 268 1916 332 1960; x_wconf 89' lang='lat' dir='ltr'>nou</span> <span class='ocrx_word' id='word_1_70' title='bbox 357 1895 516 1960; x_wconf 89' lang='lat' dir='ltr'>sollicitus</span> <span class='ocrx_word' id='word_1_71' title='bbox 539 1898 649 1959; x_wconf 84' lang='lat' dir='ltr'>teneat</span> <span class='ocrx_word' id='word_1_72' title='bbox 672 1898 840 1978; x_wconf 79' lang='lat' dir='ltr'>servetque</span> <span class='ocrx_word' id='word_1_73' title='bbox 863 1895 1030 1982; x_wconf 73' lang='lat' dir='ltr'>minister,</span> 
     </span>
     <span class='ocr_line' id='line_1_17' title="bbox 200 1982 852 2069; baseline 0 -21"><span class='ocrx_word' id='word_1_74' title='bbox 200 1983 296 2049; x_wconf 85' lang='lat' dir='ltr'>Sume</span> <span class='ocrx_word' id='word_1_75' title='bbox 321 1982 500 2069; x_wconf 86' lang='lat' dir='ltr'>Saguntino</span> <span class='ocrx_word' id='word_1_76' title='bbox 523 1983 641 2069; x_wconf 89' lang='lat' dir='ltr'>pocula</span> <span class='ocrx_word' id='word_1_77' title='bbox 662 1982 752 2048; x_wconf 86' lang='lat' dir='ltr'>facta</span> <span class='ocrx_word' id='word_1_78' title='bbox 773 1984 852 2048; x_wconf 90' lang='lat' dir='ltr'>luto.</span> 
     </span>
    </p>
   </div>
   <div class='ocr_carea' id='block_1_12' title="bbox 418 2122 813 2207">
    <p class='ocr_par' dir='ltr' id='par_1_12' title="bbox 418 2122 813 2207">
     <span class='ocr_line' id='line_1_18' title="bbox 418 2122 813 2207; baseline -0.005 -17"><span class='ocrx_word' id='word_1_79' title='bbox 418 2122 499 2190; x_wconf 85' lang='lat' dir='ltr'>CIX.</span> <span class='ocrx_word' id='word_1_80' title='bbox 523 2124 640 2191; x_wconf 73' lang='lat' dir='ltr'>caloes</span> <span class='ocrx_word' id='word_1_81' title='bbox 659 2125 813 2207; x_wconf 59' lang='lat' dir='ltr'>carmon.</span> 
     </span>
    </p>
   </div>
   <div class='ocr_carea' id='block_1_13' title="bbox 157 2227 1048 2398">
    <p class='ocr_par' dir='ltr' id='par_1_13' title="bbox 157 2227 1048 2398">
     <span class='ocr_line' id='line_1_19' title="bbox 157 2227 1048 2317; baseline 0.003 -23"><span class='ocrx_word' id='word_1_82' title='bbox 157 2232 362 2294; x_wconf 87' lang='lat' dir='ltr'>Gemmatum</span> <span class='ocrx_word' id='word_1_83' title='bbox 386 2227 547 2311; x_wconf 83' lang='lat' dir='ltr'>Scythicis</span> <span class='ocrx_word' id='word_1_84' title='bbox 570 2233 608 2292; x_wconf 92' lang='lat' dir='ltr'>ut</span> <span class='ocrx_word' id='word_1_85' title='bbox 630 2229 738 2294; x_wconf 87' lang='lat' dir='ltr'>luceat</span> <span class='ocrx_word' id='word_1_86' title='bbox 759 2229 889 2314; x_wconf 78' lang='lat' dir='ltr'>ignibus</span> <span class='ocrx_word' id='word_1_87' title='bbox 914 2252 1048 2317; x_wconf 89' lang='lat' dir='ltr'>aurum,</span> 
     </span>
     <span class='ocr_line' id='line_1_20' title="bbox 199 2314 909 2398; baseline 0.007 -20"><span class='ocrx_word' id='word_1_88' title='bbox 199 2316 328 2398; x_wconf 83' lang='lat' dir='ltr'>Aspice.</span> <span class='ocrx_word' id='word_1_89' title='bbox 365 2314 451 2390; x_wconf 84' lang='lat' dir='ltr'>Quot</span> <span class='ocrx_word' id='word_1_90' title='bbox 474 2316 594 2398; x_wconf 86' lang='lat' dir='ltr'>digitos</span> <span class='ocrx_word' id='word_1_91' title='bbox 617 2319 706 2381; x_wconf 86' lang='lat' dir='ltr'>exuit</span> <span class='ocrx_word' id='word_1_92' title='bbox 727 2318 789 2382; x_wconf 89' lang='lat' dir='ltr'>iste</span> <span class='ocrx_word' id='word_1_93' title='bbox 813 2318 909 2383; x_wconf 89' lang='lat' dir='ltr'>calixl</span> 
     </span>
    </p>
   </div>
   <div class='ocr_carea' id='block_1_14' title="bbox 464 2452 764 2538">
    <p class='ocr_par' dir='ltr' id='par_1_14' title="bbox 464 2452 764 2538">
     <span class='ocr_line' id='line_1_21' title="bbox 464 2452 764 2538; baseline 0.023 -22"><span class='ocrx_word' id='word_1_94' title='bbox 464 2452 615 2535; x_wconf 76' lang='lat' dir='ltr'>Ampulla</span> <span class='ocrx_word' id='word_1_95' title='bbox 633 2460 764 2538; x_wconf 78' lang='lat' dir='ltr'>potoria.</span> 
     </span>
    </p>
   </div>
   <div class='ocr_carea' id='block_1_15' title="bbox 156 2555 1095 2726">
    <p class='ocr_par' dir='ltr' id='par_1_15' title="bbox 156 2555 1095 2726">
     <span class='ocr_line' id='line_1_22' title="bbox 156 2555 1095 2652; baseline 0.017 -34"><span class='ocrx_word' id='word_1_96' title='bbox 156 2555 227 2619; x_wconf 85' lang='lat' dir='ltr'>Hac</span> <span class='ocrx_word' id='word_1_97' title='bbox 249 2556 327 2618; x_wconf 89' lang='lat' dir='ltr'>licet</span> <span class='ocrx_word' id='word_1_98' title='bbox 348 2555 383 2618; x_wconf 87' lang='lat' dir='ltr'>in</span> <span class='ocrx_word' id='word_1_99' title='bbox 406 2576 548 2642; x_wconf 88' lang='lat' dir='ltr'>gemma,</span> <span class='ocrx_word' id='word_1_100' title='bbox 572 2566 680 2624; x_wconf 85' lang='lat' dir='ltr'>servat</span> <span class='ocrx_word' id='word_1_101' title='bbox 704 2585 785 2646; x_wconf 89' lang='lat' dir='ltr'>quae</span> <span class='ocrx_word' id='word_1_102' title='bbox 808 2564 940 2630; x_wconf 84' lang='lat' dir='ltr'>nomina</span> <span class='ocrx_word' id='word_1_103' title='bbox 963 2563 1095 2652; x_wconf 74' lang='lat' dir='ltr'>Cosmi,</span> 
     </span>
     <span class='ocr_line' id='line_1_23' title="bbox 199 2640 818 2726; baseline 0.023 -24"><span class='ocrx_word' id='word_1_104' title='bbox 199 2640 392 2719; x_wconf 89' lang='lat' dir='ltr'>Luxuriose,</span> <span class='ocrx_word' id='word_1_105' title='bbox 416 2643 522 2726; x_wconf 87' lang='lat' dir='ltr'>bibas,</span> <span class='ocrx_word' id='word_1_106' title='bbox 546 2648 573 2710; x_wconf 91' lang='lat' dir='ltr'>si</span> <span class='ocrx_word' id='word_1_107' title='bbox 596 2647 714 2713; x_wconf 89' lang='lat' dir='ltr'>foliata</span> <span class='ocrx_word' id='word_1_108' title='bbox 737 2651 818 2716; x_wconf 88' lang='lat' dir='ltr'>sitis.</span> 
     </span>
    </p>
   </div>
   <div class='ocr_carea' id='block_1_16' title="bbox 465 2781 766 2868">
    <p class='ocr_par' dir='ltr' id='par_1_16' title="bbox 465 2781 766 2868">
     <span class='ocr_line' id='line_1_24' title="bbox 465 2781 766 2868; baseline 0.017 -20"><span class='ocrx_word' id='word_1_109' title='bbox 465 2781 547 2851; x_wconf 84' lang='lat' dir='ltr'><strong>CXI.</strong></span> <span class='ocrx_word' id='word_1_110' title='bbox 569 2785 766 2868; x_wconf 59' lang='lat' dir='ltr'>Orystolllno.</span> 
     </span>
    </p>
   </div>
   <div class='ocr_carea' id='block_1_17' title="bbox 155 2884 1109 3064">
    <p class='ocr_par' dir='ltr' id='par_1_17' title="bbox 155 2884 1109 3064">
     <span class='ocr_line' id='line_1_25' title="bbox 155 2884 1109 2983; baseline 0.022 -35"><span class='ocrx_word' id='word_1_111' title='bbox 155 2884 317 2971; x_wconf 81' lang='lat' dir='ltr'>Frangere</span> <span class='ocrx_word' id='word_1_112' title='bbox 341 2887 416 2951; x_wconf 91' lang='lat' dir='ltr'>dum</span> <span class='ocrx_word' id='word_1_113' title='bbox 440 2890 571 2972; x_wconf 83' lang='lat' dir='ltr'>metuis,</span> <span class='ocrx_word' id='word_1_114' title='bbox 588 2890 719 2976; x_wconf 80' lang='lat' dir='ltr'>franges</span> <span class='ocrx_word' id='word_1_115' title='bbox 739 2897 942 2980; x_wconf 83' lang='lat' dir='ltr'>crystallina:</span> <span class='ocrx_word' id='word_1_116' title='bbox 965 2907 1109 2983; x_wconf 81' lang='lat' dir='ltr'>peccant</span> 
     </span>
     <span class='ocr_line' id='line_1_26' title="bbox 200 2973 888 3064; baseline 0.017 -25"><span class='ocrx_word' id='word_1_117' title='bbox 200 2973 336 3040; x_wconf 83' lang='lat' dir='ltr'>Securae</span> <span class='ocrx_word' id='word_1_118' title='bbox 359 2975 495 3042; x_wconf 90' lang='lat' dir='ltr'>nimium</span> <span class='ocrx_word' id='word_1_119' title='bbox 520 2979 742 3064; x_wconf 89' lang='lat' dir='ltr'>sollicitaeque</span> <span class='ocrx_word' id='word_1_120' title='bbox 765 3007 888 3051; x_wconf 88' lang='lat' dir='ltr'>manus.</span> 
     </span>
    </p>
   </div>
   <div class='ocr_carea' id='block_1_18' title="bbox 477 3119 752 3190">
    <p class='ocr_par' dir='ltr' id='par_1_18' title="bbox 477 3119 752 3190">
     <span class='ocr_line' id='line_1_27' title="bbox 477 3119 752 3190; baseline 0.025 -7"><span class='ocrx_word' id='word_1_121' title='bbox 477 3119 611 3186; x_wconf 79' lang='lat' dir='ltr'>Nimbus</span> <span class='ocrx_word' id='word_1_122' title='bbox 632 3123 752 3190; x_wconf 81' lang='lat' dir='ltr'>vitreus.</span> 
     </span>
    </p>
   </div>
   <div class='ocr_carea' id='block_1_19' title="bbox 155 3211 1032 3390">
    <p class='ocr_par' dir='ltr' id='par_1_19' title="bbox 155 3211 1032 3390">
     <span class='ocr_line' id='line_1_28' title="bbox 155 3211 1032 3311; baseline 0.018 -35"><span class='ocrx_word' id='word_1_123' title='bbox 155 3213 183 3276; x_wconf 91' lang='lat' dir='ltr'><strong>A</strong></span> <span class='ocrx_word' id='word_1_124' title='bbox 206 3211 284 3277; x_wconf 85' lang='lat' dir='ltr'>Iove</span> <span class='ocrx_word' id='word_1_125' title='bbox 307 3215 363 3298; x_wconf 91' lang='lat' dir='ltr'>qui</span> <span class='ocrx_word' id='word_1_126' title='bbox 384 3215 505 3298; x_wconf 84' lang='lat' dir='ltr'>veniet,</span> <span class='ocrx_word' id='word_1_127' title='bbox 528 3218 692 3284; x_wconf 90' lang='lat' dir='ltr'>miscenda</span> <span class='ocrx_word' id='word_1_128' title='bbox 714 3220 754 3284; x_wconf 89' lang='lat' dir='ltr'>ad</span> <span class='ocrx_word' id='word_1_129' title='bbox 777 3223 894 3305; x_wconf 83' lang='lat' dir='ltr'>pocula</span> <span class='ocrx_word' id='word_1_130' title='bbox 916 3224 1032 3311; x_wconf 86' lang='lat' dir='ltr'>largas</span> 
     </span>
     <span class='ocr_line' id='line_1_29' title="bbox 197 3299 998 3390; baseline 0.017 -26"><span class='ocrx_word' id='word_1_131' title='bbox 197 3299 324 3366; x_wconf 77' lang='lat' dir='ltr'>Fundet</span> <span class='ocrx_word' id='word_1_132' title='bbox 347 3302 476 3368; x_wconf 91' lang='lat' dir='ltr'>nimbus</span> <span class='ocrx_word' id='word_1_133' title='bbox 500 3328 612 3390; x_wconf 88' lang='lat' dir='ltr'>aquas:</span> <span class='ocrx_word' id='word_1_134' title='bbox 636 3307 689 3372; x_wconf 87' lang='lat' dir='ltr'>hio</span> <span class='ocrx_word' id='word_1_135' title='bbox 712 3309 774 3372; x_wconf 89' lang='lat' dir='ltr'>tibi</span> <span class='ocrx_word' id='word_1_136' title='bbox 796 3311 873 3375; x_wconf 87' lang='lat' dir='ltr'>vina</span> <span class='ocrx_word' id='word_1_137' title='bbox 895 3312 998 3380; x_wconf 84' lang='lat' dir='ltr'>dabit.</span> 
     </span>
    </p>
   </div>
   <div class='ocr_carea' id='block_1_20' title="bbox 464 3444 761 3515">
    <p class='ocr_par' dir='ltr' id='par_1_20' title="bbox 464 3444 761 3515">
     <span class='ocr_line' id='line_1_30' title="bbox 464 3444 761 3515; baseline 0.017 -5"><span class='ocrx_word' id='word_1_138' title='bbox 464 3444 578 3512; x_wconf 77' lang='lat' dir='ltr'>CXIII.</span> <span class='ocrx_word' id='word_1_139' title='bbox 601 3449 761 3515; x_wconf 79' lang='lat' dir='ltr'>Murrina.</span> 
     </span>
    </p>
   </div>
   <div class='ocr_carea' id='block_1_21' title="bbox 151 3546 995 3729">
    <p class='ocr_par' dir='ltr' id='par_1_21' title="bbox 151 3546 995 3729">
     <span class='ocr_line' id='line_1_31' title="bbox 151 3546 995 3639; baseline 0.014 -26"><span class='ocrx_word' id='word_1_140' title='bbox 151 3546 187 3614; x_wconf 80' lang='lat' dir='ltr'>si</span> <span class='ocrx_word' id='word_1_141' title='bbox 211 3547 339 3614; x_wconf 90' lang='lat' dir='ltr'>caldum</span> <span class='ocrx_word' id='word_1_142' title='bbox 362 3554 471 3636; x_wconf 90' lang='lat' dir='ltr'>potas,</span> <span class='ocrx_word' id='word_1_143' title='bbox 495 3553 622 3617; x_wconf 87' lang='lat' dir='ltr'>ardenti</span> <span class='ocrx_word' id='word_1_144' title='bbox 644 3576 754 3620; x_wconf 90' lang='lat' dir='ltr'>murra</span> <span class='ocrx_word' id='word_1_145' title='bbox 775 3555 835 3623; x_wconf 72' lang='lat' dir='ltr'>Fal</span> <span class='ocrx_word' id='word_1_146' title='bbox 957 3614 964 3625; x_wconf 96' lang='lat'><em>.</em></span> <span class='ocrx_word' id='word_1_147' title='bbox 990 3632 995 3639; x_wconf 58' lang='grc'><strong>,</strong></span> 
     </span>
     <span class='ocr_line' id='line_1_32' title="bbox 189 3636 973 3729; baseline 0.005 -22"><span class='ocrx_word' id='word_1_148' title='bbox 189 3636 355 3710; x_wconf 78' lang='lat' dir='ltr'>Convenit</span> <span class='ocrx_word' id='word_1_149' title='bbox 378 3645 414 3710; x_wconf 90' lang='lat' dir='ltr'>et</span> <span class='ocrx_word' id='word_1_150' title='bbox 436 3643 556 3711; x_wconf 87' lang='lat' dir='ltr'>melior</span> <span class='ocrx_word' id='word_1_151' title='bbox 577 3643 619 3708; x_wconf 78' lang='lat' dir='ltr'>bt</span> <span class='ocrx_word' id='word_1_152' title='bbox 641 3644 766 3729; x_wconf 67' lang='lat' dir='ltr'>saum·</span> <span class='ocrx_word' id='word_1_153' title='bbox 813 3642 816 3647; x_wconf 85' lang='grc'><strong>’</strong></span> <span class='ocrx_word' id='word_1_154' title='bbox 968 3636 973 3643; x_wconf 79' lang='grc'><strong>’</strong></span> 
     </span>
    </p>
   </div>
   <div class='ocr_carea' id='block_1_22' title="bbox 0 0 1210 4132">
    <p class='ocr_par' dir='ltr' id='par_1_22' title="bbox 0 0 1210 4132">
     <span class='ocr_line' id='line_1_33' title="bbox 0 0 1210 4132; baseline 0 0"><span class='ocrx_word' id='word_1_155' title='bbox 0 0 1210 4132; x_wconf 95' lang='lat' dir='ltr'> </span> 
     </span>
    </p>
   </div>
  </div>
 </body>
</html>
