2408 4132
10 33 1084 245 ‘zm-*Pv-
1113 33 1156 38 -

333 478 629 537 EPIGRAMMATON
646 480 715 537 LIB.
734 480 794 537 XII.
1003 479 1067 544 285

535 641 592 708 IX.

103 748 219 812 Palma
241 747 327 832 regit
348 750 494 832 nostros,
517 748 688 813 mitissime
711 745 843 832 Caesar,
865 746 1019 831 Hiberos,

148 836 193 900 Et
215 835 342 920 placido
366 835 485 900 fruitur
507 858 571 920 pax
593 835 765 921 peregrina
786 835 872 920 iugo.

104 925 194 1009 Ergo
218 924 344 1008 agimus
367 923 447 988 laeti
469 926 561 989 tanto
584 947 643 1009 pro
667 946 800 988 munere
824 925 947 1010 grates:

148 1012 268 1077 Misisti
291 1033 398 1076 mores
420 1012 456 1076 in
478 1012 551 1078 looa
572 1017 687 1078 nostra
709 1015 793 1077 tuos.

547 1152 587 1216 X.

104 1259 214 1323 Habet
236 1257 410 1324 Africanus
434 1259 554 1343 milies,
576 1261 686 1322 tamen
708 1261 827 1343 captat.

103 1346 249 1412 Fortuna
271 1347 384 1412 multis
408 1347 464 1412 dat
485 1346 597 1431 nimis,
620 1348 701 1412 satis
723 1347 815 1411 nulli.

536 1504 593 1571 XI.

104 1611 279 1677 Parthenio
303 1612 367 1696 dio,
388 1610 496 1696 Musa,
518 1615 575 1676 tuo
597 1614 775 1695 nostroque
798 1613 950 1676 salutem:

149 1699 235 1765 Nam
259 1700 331 1784 quis
355 1700 396 1765 ab
419 1700 526 1765 Aonio
550 1700 674 1785 largius
698 1722 792 1765 amne
815 1700 920 1766 bibit?

105 1787 203 1853 Cuius
226 1788 373 1873 Pimpleo
397 1788 468 1871 lyra
492 1788 609 1854 clarior
632 1788 698 1854 exit
721 1788 762 1854 ab
786 1789 903 1854 antro?

150 1875 251 1952 Quem
274 1877 347 1961 plus
370 1877 477 1942 Pierio
501 1877 540 1941 do
564 1898 662 1963 grege
685 1876 836 1942 Phoebus
859 1877 970 1942 amat?

77 1966 149 2030 snt
173 1965 202 2029 si
222 1965 307 2030 forte
329 2003 367 2012 —
389 1965 444 2030 sed
466 1966 528 2030 hoo
542 1966 602 2031 'vix
625 1969 676 2031 est
698 1988 887 2051 sperare-
907 1965 1050 2050 vaoabit,

148 2052 271 2117 Tradat
293 2059 331 2118 ut
353 2053 422 2136 ipso
446 2053 518 2119 duoi
542 2054 685 2119 earmina
707 2057 833 2138 nostra,
856 2076 950 2139 roga,

105 2139 265 2217 Quattuor
280 2145 312 2206 et
331 2144 459 2206 tantum
477 2141 691 2226 timidumque
709 2143 903 2226 brevemque
921 2142 1066 2205 libellum

149 2228 359 2295 Commendet
381 2230 488 2294 verbis
510 2229 625 2314 „Hune
647 2234 705 2293 tua
727 2229 832 2294 Roma
854 2229 962 2315 legit“

527 2385 599 2451 ΧΠ.

105 2493 223 2558 Omnia
245 2491 425 2577 promittis,
449 2514 520 2557 oum
542 2496 614 2558 tota
637 2496 731 2557 nocte
753 2492 880 2575 bibisti3

149 2581 243 2646 Mane
265 2580 349 2646 nihil
372 2584 529 2664 praestas.
569 2580 690 2665 Pollio,
713 2602 806 2645 mane
829 2581 913 2645 bibe.

519 2739 608 2804 XIH.

105 2844 228 2930 Genus,
250 2844 368 2930 Aucto,
391 2845 473 2910 lueri
496 2845 611 2910 divites
634 2845 876 2911 habentinam:

105 2933 232 3018 Odisse,
256 2956 353 3018 quam
377 2933 512 3019 donare,
534 2934 632 2999 vilius
655 2938 792 3000 constat.

518 3091 606 3158 XIV.

104 3197 238 3262 Paroius
260 3198 376 3283 utaris,
399 3220 528 3282 moneo,
551 3199 698 3283 rapiente
720 3199 851 3283 veredo,

148 3285 270 3370 Prisce,
293 3307 352 3350 neo
374 3287 409 3350 in
431 3286 559 3371 lepores
582 3290 652 3352 tam
673 3287 834 3353 violentus
858 3310 921 3354 eas.

106 3372 208 3457 Saepe
232 3375 392 3439 satisfecit
414 3375 552 3458 praedae
574 3379 724 3460 venator,
747 3379 780 3441 et
803 3376 869 3441 aori
999 3412 1006 3431 ι

149 3462 279 3527 Decidit
303 3485 467 3547 excussus,
489 3485 549 3528 neo
571 3463 746 3548 rediturus,
770 3486 860 3548 equo.

78 3550 243 3616 slusidias
267 3555 299 3616 et
322 3573 453 3635 campus
476 3552 588 3618 habet:
611 3574 669 3617 neo
690 3553 781 3617 fossa
803 3574 861 3618 neo
884 3573 984 3639 agger

149 3639 217 3705 Neo
241 3641 307 3705 sint
330 3662 407 3706 saxa
429 3640 518 3725 lieet,
540 3640 655 3705 fallere
677 3640 777 3725 plana
800 3640 915 3706 solent.

104 3726 181 3792 Non
204 3728 306 3793 deerit
330 3729 385 3813 qui
407 3732 500 3794 tanta
522 3728 583 3793 tibi
606 3730 790 3814 spectacula
812 3733 970 3816 praestet,

148 3816 275 3882 Invidia
296 3818 358 3882 fati
381 3817 437 3884 sed
460 3816 581 3886 leviore
605 3818 714 3886 eadat.
