2408 4132
139 455 205 520 272
465 457 502 510 M.
521 455 601 511 VAL.
620 455 816 511 MARTIALIS

182 619 228 684 Et
251 640 328 685 voce
351 623 440 684 corta
463 619 653 703 consciaque
675 618 816 701 dicebat,

183 707 267 772 Puer
290 729 331 772 an
353 707 461 791 puella
483 709 597 772 matris
621 711 707 772 esset
728 707 763 770 in
785 709 910 770 ventre:

185 832 222 842 —
245 794 389 860 Gaudete
411 795 521 879 cunni,
543 799 652 861 vestra
673 815 813 879 namque
835 816 887 858 res
911 798 984 859 acta
1006 799 1059 858 cst
1077 830 1124 843 —

141 898 174 948 10
183 881 336 969 Arrigere
359 885 506 967 linguam
528 905 595 948 non
616 887 727 970 potest
748 883 944 948 firtutricem

182 970 268 1037 Nam
291 971 366 1036 dum
388 972 528 1037 tumenti
549 992 674 1037 mersus
696 972 810 1036 haeret
832 971 867 1034 in
888 971 985 1036 volva

183 1060 230 1123 Et
251 1061 417 1145 vagientes
440 1060 526 1125 intus
551 1059 642 1124 audit
664 1059 820 1142 infantae,

182 1147 313 1212 Partem
337 1149 485 1233 gulosam
509 1148 608 1213 solvit
631 1148 779 1213 indecens
802 1146 945 1211 morbus.

183 1234 251 1301 Nec
273 1257 372 1321 purus
396 1258 466 1302 esse
488 1258 573 1301 nunc
595 1239 705 1321 potest
727 1257 786 1302 neo
809 1235 964 1320 impurus.

592 1395 693 1460 LXII.

184 1498 301 1565 Lesbia
324 1523 358 1566 se
380 1503 467 1567 iurat
489 1502 592 1586 gratis
615 1523 780 1585 nunquam
804 1522 873 1565 esse
895 1499 1052 1564 fututam,

227 1588 348 1653 Verum
372 1594 428 1655 est.
466 1588 546 1655 Oum
569 1589 655 1653 futui
677 1590 760 1672 vult,
782 1610 951 1653 numerare
975 1589 1071 1653 solet.

583 1746 701 1813 LXIII.

185 1849 318 1935 Spectas
340 1873 414 1934 nos,
436 1851 637 1935 Philomuse,
660 1875 732 1917 cum
754 1854 916 1937 lavamur,

185 1941 231 2004 Et
253 1961 352 2024 quare
374 1939 455 2004 mihi
477 1944 547 2004 tam
569 1941 744 2005 mutuniati

187 2026 260 2093 Sint
282 2028 368 2093 leues
392 2029 496 2112 pueri,
519 2029 655 2093 subinde
678 2028 814 2113 quaeris.
844 2092 846 2095 ,

186 2115 299 2181 Dicam
323 2116 514 2199 simpliciter
536 2117 598 2182 tibi
621 2117 764 2202 roganti:

57 2267 60 2270 ,
160 2204 372 2288 5Paedioant,
395 2205 594 2290 Philomuse,
617 2205 770 2273 curiosos.

586 2363 700 2429 LXIV.

186 2468 303 2535 Nescio
326 2473 395 2534 tam
418 2471 531 2534 multis
555 2470 632 2555 quid
656 2470 792 2554 scribas,
815 2468 949 2552 Fausto,
971 2468 1107 2552 puellisz

229 2556 301 2623 Hoc
324 2558 403 2638 scio,
426 2559 511 2643 quod
535 2558 646 2624 scribit
668 2558 759 2623 nulla
781 2558 889 2642 puella
911 2557 980 2621 tibi.

596 2716 696 2782 LXV.

188 2819 333 2886 Sescenti
356 2825 473 2886 cenant
496 2844 515 2886 a
536 2826 582 2905 te,
606 2821 743 2905 Iustina,
765 2822 873 2887 vocati

230 2908 325 2974 Lucis
349 2909 390 2973 ad
413 2909 554 2974 officium
578 2931 660 2993 quae
682 2910 744 2974 tibi
765 2910 872 2994 prima
893 2909 965 2976 fuit.

186 2996 276 3061 luter
298 3018 393 3081 quos,
414 2998 558 3080 memini,
580 3019 647 3063 non
669 2998 803 3063 ultimus
827 3019 898 3063 esse
922 2998 1085 3084 solebam

230 3083 299 3151 Nec
321 3085 412 3151 locus
434 3085 488 3149 hic
509 3085 603 3150 nobis
627 3085 805 3151 invidiosus
829 3092 908 3152 erat.

162 3173 321 3239 5Postera
345 3174 400 3238 sed
422 3174 523 3238 festae
546 3173 652 3238 reddis
677 3174 848 3239 sollemnia
870 3196 1011 3240 mensae:

233 3261 393 3327 Sescentis
416 3261 524 3342 hodie,
548 3285 618 3327 cras
642 3262 722 3326 mihi
743 3266 839 3328 natus
862 3262 935 3329 eris.

590 3420 704 3487 LXVI.

187 3527 231 3590 Et
253 3527 380 3591 delator
403 3546 436 3592 es
459 3530 492 3590 et
515 3527 744 3612 calumniator,

187 3615 232 3679 Et
254 3615 422 3680 fraudator
445 3637 478 3680 es
503 3620 535 3680 et
557 3617 757 3701 negotiator,

187 3703 233 3766 Et
254 3702 384 3768 fellator
408 3725 441 3768 es
465 3709 498 3768 et
520 3704 647 3769 lanista.
684 3704 786 3768 Miror

177 3788 287 3865 Quare
307 3813 377 3860 non
400 3791 539 3881 habeas,
560 3791 719 3881 Vacerra,
738 3814 898 3859 nummos.
