2408 4132
67 25 988 245 ..p-⁷*
1016 25 1050 30 ·
1086 25 1112 28 ·

372 493 666 551 EPIGRAMMAI'ON
684 494 750 550 LIB.
769 495 815 550 XL
1031 495 1093 560 261

111 656 285 722 arctoam
307 676 358 740 epo
379 661 416 722 at
436 656 584 739 fatuum?
606 658 682 740 qaid
702 658 732 723 sl
753 677 801 722 mc
822 632 954 723 Murciae
976 662 1051 736 oret,

180 745 355 830 Paedicem,
375 745 516 826 factam?
533 765 597 811 aaa
612 751 703 828 pato,
725 746 754 812 st
775 746 906 828 sapiam

138 834 223 916 ,Aac
241 834 341 916 fatae,
359 839 416 900 aut
432 833 621 917 macac&
643 835 697 899 cc't.
728 831 823 913 calc,
840 835 922 916 qaod
937 833 1016 899 mibi
1032 834 1097 899 cita

181 919 292 988 ocae
313 928 358 988 est
378 924 448 1004 apso
469 921 628 987 mactata?
651 921 750 1005 Sabae
771 923 903 987 caecat!

137 1008 292 1075 Absolvis
316 1009 441 1095 lepidos
463 1010 628 1094 nimirum,
650 1008 813 1095 Auguste,
836 1010 979 1096 libellos,

95 1114 127 1163 10
181 1096 243 1173 Qui
266 1097 329 1163 scis
351 1097 498 1164 Romana
521 1098 729 1183 simplicitate
752 1098 849 1183 loqui.

550 1272 639 1340 XXI.

137 1379 241 1463 Lydia
263 1383 332 1445 tam
354 1380 429 1444 laxa
452 1382 514 1464 cst,
538 1379 655 1464 equitis
679 1402 775 1464 quam
798 1379 888 1444 culus
910 1378 1017 1465 aheni,

183 1467 286 1543 Quam
309 1468 394 1533 celer
416 1472 533 1553 arguto
558 1468 613 1552 qui
636 1471 731 1532 sonat
754 1489 826 1532 aere
849 1467 995 1551 trochus,

138 1555 241 1632 Quam
264 1560 338 1621 rota
359 1557 553 1620 transmisso
575 1555 695 1621 totiens
717 1555 842 1621 intacta
863 1559 1012 1640 petauro,

183 1644 287 1720 Quam
308 1648 401 1709 vetus
425 1666 445 1709 a
468 1665 578 1710 crassa
601 1645 726 1710 calceus
749 1644 830 1709 udus
854 1665 951 1728 aqua,

112 1733 242 1808 5Quam
265 1754 347 1818 quac
370 1754 445 1798 rara
467 1753 568 1818 vagos
592 1735 764 1817 expectant
786 1732 869 1796 retia
890 1732 1017 1816 turdos,

182 1821 286 1898 Quam
308 1820 505 1904 Pompeiano
529 1822 602 1886 vela
623 1824 744 1907 negata
765 1820 868 1900 Noto,

139 1908 241 1985 Quam
264 1931 345 1994 quae
368 1909 407 1974 de
429 1910 593 1994 phthisico
616 1910 710 1995 lapsa
732 1913 783 1974 est
801 1908 929 1974 armilla
951 1907 1097 1992 cinaedo,

183 1996 308 2064 Culcita
330 1997 508 2063 Leuconico
531 2020 629 2082 quam
652 1998 785 2063 viduata
808 2019 880 2081 suo,

140 2086 243 2162 Quam
266 2089 391 2151 veteres
413 2085 530 2150 bracae
552 2085 699 2150 Britonis
721 2085 886 2170 pauperis,
909 2088 942 2149 et
965 2106 1061 2168 quam

96 2191 128 2239 10
183 2174 289 2258 Turpe
311 2173 511 2238 Ravennatis
535 2176 647 2260 gultur
671 2173 859 2238 onocrotali.

139 2263 231 2328 Hanc
253 2264 287 2326 in
309 2261 435 2348 piscina
458 2261 545 2327 dicor
568 2261 705 2326 futuisse
728 2259 861 2325 marina

183 2349 315 2435 Nesci03
336 2349 493 2436 piscinam
516 2371 567 2414 me
589 2348 726 2414 futuisse
749 2350 838 2434 puto.

546 2541 651 2608 XXII

140 2649 255 2714 Mollia
277 2649 362 2734 quod
384 2648 471 2714 nivei
494 2648 573 2714 duro
596 2647 676 2713 teris
700 2668 755 2712 ore
779 2645 910 2712 Galaesi

182 2737 292 2822 Basia,
316 2737 401 2822 quod
423 2737 509 2803 nudo
533 2759 606 2803 cum
629 2734 813 2820 Ganymede
835 2735 934 2819 iaces,

141 2825 233 2912 (Quis
242 2823 378 2912 negat‘l)
388 2826 450 2891 hoc
458 2825 603 2891 nimium
613 2823 675 2890 Sed
685 2826 728 2888 sit
736 2823 972 2909 satis3inguina
982 2822 1097 2887 saltem

183 2914 282 2979 Parce
304 2914 453 2981 fututrici
475 2913 652 2980 sollicitare
675 2934 780 2979 manu.

113 3002 278 3068 tLevibus
296 3002 330 3067 in
348 3004 456 3086 pueris
475 3003 549 3088 plus
567 3003 661 3087 haec,
679 3023 776 3086 quam
794 3001 952 3085 mentula,
972 3001 1098 3084 peccat,

183 3091 229 3155 Et
251 3090 375 3157 faciunt
398 3091 493 3177 digiti
513 3090 792 3178 praecipitantque
813 3090 932 3155 virum:

139 3179 219 3244 Inde
241 3182 354 3264 tragus
378 3180 559 3264 celeresque
581 3179 643 3266 pili
665 3179 874 3262 mirandaque
896 3176 995 3241 matri

184 3267 305 3354 Barba,
326 3289 385 3333 neo
407 3267 442 3333 in
463 3268 552 3333 olera
573 3268 691 3333 balnea
712 3268 782 3332 luce
804 3266 942 3350 placent.

139 3355 260 3421 Divisit
282 3360 400 3422 natura
422 3377 558 3421 marem:
580 3377 656 3440 pars
679 3377 744 3419 una
765 3353 896 3439 puellis,

95 3461 129 3511 10
184 3443 259 3509 Una
281 3445 358 3511 viris
383 3445 493 3531 genita
515 3448 573 3509 est.
608 3443 709 3509 Utere
731 3445 823 3528 parte
846 3445 912 3506 tua

538 3636 660 3704 XXIII.

139 3745 272 3812 Nubere
296 3744 364 3811 Sila
385 3745 466 3811 mihi
489 3744 579 3810 nulla
600 3765 666 3809 non
688 3743 760 3831 lege
781 3743 904 3827 parata
924 3741 998 3820 est,

182 3834 245 3900 Sed
268 3833 369 3902 Silam
392 3835 486 3902 nulla
509 3833 630 3904 ducere
648 3833 730 3910 lene
750 3833 846 3900 solo.
