2408 4132
132 338 198 403 350
415 337 531 391 INDEX
548 336 853 395 EPIGRAMMATON.

132 495 202 550 Cum
218 497 248 549 te
266 493 436 563 municipem
454 493 661 549 Corinthiorum
671 537 962 552 .........
1044 495 1080 564 X,
1102 504 1146 553 65.

133 566 202 620 Cum
220 568 249 619 te
267 582 323 619 non
340 582 459 632 nossem,
479 565 623 619 dominum
640 581 790 633 regemque
807 565 962 622 vocabam.
1038 565 1060 633 Ι,
1083 574 1146 623 112.

133 637 202 690 Cum
219 636 274 689 tibi
291 653 348 689 non
365 636 487 704 Ephesos
505 653 557 690 nec
575 636 614 689 sit
628 635 741 689 Rhodos
761 638 811 689 aut
823 635 960 704 Mytilene
1044 639 1079 705 X,
1102 646 1145 694 68.

132 706 201 761 Cum
218 707 272 760 tibi
289 724 346 760 non
364 709 458 760 essent
477 723 524 760 sex
541 706 629 773 milia,
649 705 820 762 caeciliane.
848 751 854 762 .
884 750 890 762 .
918 749 925 762 .
955 749 961 762 .
1029 707 1079 775 IV,
1101 715 1144 765 51.

132 777 201 830 Cum
219 777 274 831 tibi
291 779 360 830 nota
377 776 419 830 tui
438 776 476 830 sit
494 777 554 832 vita
572 777 697 844 fidesque
716 776 813 830 mariti
849 820 855 832 .
885 821 891 832 .
920 820 926 832 .
955 818 962 832 .
1013 777 1078 846 XII,
1100 786 1144 836 98.

133 848 200 902 Cum
219 847 273 901 tibi
292 847 330 900 sit
347 847 442 914 facies,
462 848 496 900 de
515 864 571 916 qua
588 864 640 900 nec
659 846 764 900 femina
781 847 889 916 possit.
918 891 925 903 .
954 891 961 903 .
1014 848 1078 917 VH,
1102 857 1142 906 18.

132 917 201 972 Cum
218 917 273 971 tihi
291 917 330 971 sit
348 917 463 986 sophiae
481 934 533 986 par
550 918 627 971 fama
645 919 674 971 et
692 934 759 971 cura
776 917 926 973 laborum.
955 961 961 974 .
1036 919 1058 986 1,
1081 927 1142 976 111.

133 988 201 1042 Cum
219 988 274 1041 tibi
291 991 350 1041 tam
368 1004 479 1041 crassae
498 989 563 1053 sint
581 989 620 1040 Ar
622 987 765 1057 t,emidore
784 989 961 1046 lacernae..
998 989 1076 1053 VIH,
1098 998 1141 1048 68.

133 1059 201 1112 Cum
218 1058 273 1112 tibi
290 1058 409 1112 trecenti
386 1059 563 1113 tco.nsules
584 1058 738 1113 Vetustilla
744 1102 961 1116 .......
1026 1060 1077 1128 ΠΙ,
1098 1069 1141 1117 93.

133 1128 202 1182 Cum
219 1128 273 1182 tibi
291 1131 440 1183 vernarent
457 1129 544 1184 dubia
559 1128 694 1198 lanugine
711 1129 856 1185 malae..
954 1170 962 1186 .
1040 1131 1077 1199 Π,
1098 1139 1141 1188 61.

132 1197 200 1253 Cum
218 1200 343 1254 traheret
359 1199 479 1268 Priscus,
497 1200 623 1254 traheret
640 1201 699 1253 cert
702 1199 795 1254 amira
812 1199 958 1257 Verus
1068 1210 1140 1259 .29.

133 1269 232 1323 Cumt
220 1272 258 1338 tu,
278 1269 425 1339 laurigeris
445 1287 548 1324 annum
567 1270 615 1338 qui
633 1269 756 1324 fascibus
775 1270 891 1327 intras.
1069 1280 1140 1340 ,10.

133 1340 200 1394 Cum
218 1343 269 1393 tua
286 1343 417 1395 centenos
436 1343 578 1410 expunget
597 1344 674 1409 sport
662 1341 723 1395 tula
741 1340 854 1396 cives.
919 1313 1076 1467 ig’XIH,
1080 1349 1139 1399 123.

133 1410 231 1465 Cumt
219 1414 270 1464 tua
286 1429 342 1465 non
361 1412 435 1479 edas,
455 1412 546 1480 carpis
564 1427 629 1464 mea
647 1411 779 1479 carmina,
798 1412 925 1468 Laeli.
1053 1413 1076 1481 I,
1097 1421 1138 1470 91.

133 1482 201 1534 Cum
219 1484 270 1535 tua
287 1481 437 1550 sacrilegos
456 1485 561 1548 contra
579 1482 719 1549 Norbane,
738 1482 844 1536 furores
881 1525 888 1538 .
917 1524 924 1538 .
952 1525 959 1538 .
1026 1482 1076 1550 ΙΧ,
1096 1491 1139 1540 84.

133 1552 201 1606 Cum
218 1568 301 1605 vocer
319 1553 355 1605 ad
374 1569 472 1606 cenam
489 1569 546 1606 non
564 1552 622 1605 iam
638 1525 746 1607 venalis
764 1555 797 1606 ut
816 1554 882 1606 ante
917 1595 925 1609 .
953 1595 960 1607 .
1025 1553 1075 1619 ΙΠ,
1096 1563 1139 1611 60.

133 1622 959 1749 01111111111111111111111111111,01111111111111..
1041 1623 1139 1692 V,57.

133 1692 272 1746 Cunarum
289 1692 382 1746 fueras
400 1695 498 1759 motor,
519 1665 691 1760 0111111111111,
710 1711 856 1775 mearum.
955 1737 961 1750 .
1025 1693 1076 1760 XI,
1096 1704 1138 1752 38.

132 1763 187 1816 Cur
205 1780 222 1816 a
240 1766 268 1817 te
286 1762 408 1832 pretium
426 1763 530 1828 Danae,
548 1765 680 1831 regnator
636 1763 750 1832 101
751 1763 811 1833 mpi
848 1806 854 1820 .
882 1808 888 1819 .
953 1763 1058 1832 .‚XIV
1079 1772 1138 1822 175.

132 1833 186 1887 Cur
204 1833 270 1887 here
289 1834 363 1902 quod
382 1834 507 1901 dederas,
524 1805 618 1901 hodie,
636 1851 707 1903 puer
723 1783 750 1887 II
750 1782 816 1904 yllpe,
833 1833 959 1903 negasti
1043 1807 1096 1905 IV,
1115 1843 1139 1892 ¹1.

132 1904 186 1958 Cur
203 1921 258 1958 nou
276 1904 355 1959 basio
374 1906 411 1968 te,
432 1904 576 1959 Philaeni?
594 1905 675 1958 calva
693 1922 722 1959 es
743 1947 959 1962 .......
1038 1905 1076 1970 Π,
1097 1915 1139 1964 33.

132 1974 186 2028 Cur
203 1992 259 2028 non
277 1976 360 2056 mitto
378 1992 456 2029 meos
474 1975 535 2042 tibi,
555 1977 627 2029 Pont
628 1975 722 2044 iliane,
741 1975 924 2033 1111111111..
953 2018 960 2031 .
1030 1976 1096 2045 VH,
1115 1987 1139 2033 3.

132 2045 186 2099 Cur
204 2062 287 2114 saepe
306 2045 373 2099 sicci
390 2063 478 2115 parva
495 2063 561 2099 rura
578 2047 711 2100 Nomenti
741 2088 960 2104 .......
1013 2046 1076 2113 ΧΠ,
1096 2055 1140 2104 57.

132 2116 187 2170 Cur
205 2116 343 2185 spleniato
363 2134 446 2185 saepe
463 2117 599 2186 prodeam
616 2120 712 2170 mento
743 2159 961 2173 .......
1040 2117 1076 2181 Χ,
1097 2126 1140 2174 22.

131 2187 186 2242 Cur
203 2189 315 2241 tantum
333 2188 473 2269 eunuchos
491 2188 596 2241 habeat
613 2189 664 2240 tua
682 2186 785 2256 Caelia,
804 2185 916 2256 qnaeris
953 2230 960 2243 .
1025 2187 1076 2254 VI,
1098 2199 1140 2246 67.

131 2257 186 2311 Cur
202 2257 277 2311 trist
269 2276 357 2313 lorem
375 2258 512 2312 cernimus
532 2257 692 2312 Saleianum
707 2299 961 2315 ........
1039 2258 1076 2326 Π,
1097 2267 1141 2316 66.

131 2328 289 2383 Curandum
306 2346 405 2398 penem
424 2329 565 2384 commisit
582 2329 706 2382 Baccara
723 2327 828 2381 Raetus
848 2372 854 2384 .
1026 2328 1076 2398 XI,
1098 2338 1142 2386 74,

131 2399 249 2453 Currant
265 2401 352 2454 verba
369 2400 444 2465 licet,
462 2417 561 2454 manus
581 2401 625 2453 cst
641 2398 765 2454 velocior
782 2399 888 2454 illis..
953 2397 1060 2468 XIV,
1078 2408 1141 2458 208.

131 2470 276 2524 Cursorem
295 2473 373 2524 sexta
390 2471 453 2538 tibi,
472 2471 552 2537 Rufe,
570 2469 728 2523 remisimus
747 2470 816 2523 hora
847 2512 854 2526 .
954 2442 1060 2527 ‚HL’
1080 2478 1142 2528 100.

131 2541 265 2595 Custodes
284 2542 343 2607 das,
362 2542 450 2602 Polla,
467 2541 538 2607 viro,
555 2558 612 2595 non
630 2539 734 2609 accipis
752 2539 889 2609 ipsa..

131 2611 257 2681 Cyllenes
277 2611 403 2678 caelique
422 2612 515 2678 decus,
533 2611 653 2665 facunde
671 2610 818 2665 minister.
846 2653 853 2665 .
881 2652 887 2665 .

131 2681 250 2750 Cynthia
267 2681 383 2735 facundi
400 2697 512 2735 carmen
529 2681 659 2736 iuvenale
677 2681 806 2751 Properti
811 2722 961 2738 ......

612 2871 650 2924 D.

130 2934 174 3017 Da
191 2961 303 3017 veniam
322 2960 436 3015 subitis:
454 2978 512 3015 non
530 2961 708 3030 displicuisse
727 2964 888 3018 meretur
1133 3009 1141 3021 ,

130 3031 855 3102 01111111111111111111111111111111111111
1134 3079 1141 3091 .

130 3075 890 3185 01111111111111111111111,111111111111111111..
917 3004 1141 3174 :EVDJIPQ

129 3177 251 3230 Dantem
267 3175 334 3229 vina
350 3177 430 3228 tuum
449 3173 578 3243 quotiens
598 3173 755 3242 aspeximus
773 3173 958 3243 Hyllum..
1025 3150 1077 3244 ΙΧ,
1097 3184 1141 3232 25.

129 3247 308 3327 Daphnonas,
327 3246 495 3315 platanonas
514 3247 544 3298 et
561 3244 651 3299 aerios
669 3244 800 3314 pityonas
813 3286 960 3302 .....
1011 3245 1077 3315 XII,
1098 3253 1139 3302 50.

129 3317 185 3371 Das
204 3316 385 3386 gladiatores,
404 3318 530 3370 sutorum
547 3316 651 3383 regule,
671 3315 783 3372 cerdo.
917 3358 923 3370 .
952 3357 959 3371 .
1024 3315 1077 3386 HI,
1098 3325 1141 3374 16.

129 3389 186 3442 Das
204 3404 355 3454 nunquam,
375 3403 485 3455 semper
501 3386 652 3468 promittis,
672 3385 762 3452 Galla,
781 3358 959 3454 roganti..
1038 3360 1077 3454 Π,
1096 3395 1139 3444 11.

129 3460 186 3512 Das
204 3457 325 3525 Parthis,
344 3457 394 3511 das
413 3456 567 3513 Germanis
587 3457 645 3521 das,
665 3455 768 3520 Caelia,
787 3457 924 3512 Dacis..
953 3456 1076 3527 .VII,
1096 3466 1140 3514 30.

126 3529 186 3584 Dat
203 3528 312 3582 Baiana
329 3527 400 3580 mihi
418 3528 588 3596 quadrantes
608 3528 734 3596 sportula
752 3499 888 3582 dentum.
1053 3501 1077 3597 I,
1098 3536 1140 3586 59,

116 3601 178 3658 Dat
166 3599 305 3657 tohartis
324 3599 437 3658 habiles
457 3599 581 3656 calamos
595 3597 783 3668 Memphitica
797 3597 882 3650 tellus
919 3638 926 3653 .
954 3596 1076 3669 .ΧΝ,
1096 3605 1139 3655 38.

107 3673 170 3731 Dat
187 3675 359 3752 festinatas,
381 3675 498 3750 Caesar,
515 3672 576 3731 tihi
588 3672 697 3735 111111,
712 3683 873 3725 coronas.
935 3643 1076 3733 ..1111
1081 3677 1146 3725 m,
