2408 4132
352 451 650 507 ueroaannsrou
667 453 733 508 mu
752 453 799 508 vr.
894 434 897 439 ’
1014 453 1076 519 131

115 613 236 679 Nullae
259 613 305 679 sie
327 613 390 678 tibi
412 615 620 678 blandientur
643 615 760 698 undae,

115 702 185 768 Nec
207 702 315 767 fontes
338 701 447 785 Aponi
469 703 563 767 rudes
586 703 716 785 puellis,

89 789 192 855 5Non
214 791 323 855 mollis
348 789 501 856 Sinuessa
523 790 700 874 fervidique

115 878 248 943 Fluctus
271 878 416 944 Passeris
439 883 496 944 aut
519 880 677 963 superbus
700 879 827 960 Anxur,

116 966 192 1032 Non
213 966 338 1032 Phoebi
360 968 443 1032 rada
465 968 690 1051 principesque
714 967 821 1032 Baiae.

115 1054 284 1139 Nusquam
307 1060 376 1120 tam
399 1056 537 1119 nitidum
559 1060 656 1119 vacat
680 1077 840 1120 serenum:

115 1143 185 1208 Lux
208 1145 280 1228 ipsa
303 1146 354 1207 est
375 1144 422 1208 ibi
444 1145 585 1227 longior,
608 1144 737 1228 diesque

70 1231 216 1296 10Nullo
239 1232 363 1296 tardius
387 1255 407 1297 a
429 1232 500 1297 loco
524 1232 653 1296 recedit.

115 1320 188 1384 Illic
211 1319 478 1406 Taygeti'virent
501 1321 634 1385 metalla

115 1408 159 1472 Et
182 1412 307 1474 certant
329 1410 420 1473 vario
444 1409 556 1473 decore
580 1430 670 1491 saxa,

115 1495 203 1571 Quae
226 1496 335 1580 Phryx
358 1500 391 1561 et
413 1496 512 1580 Libys
536 1496 633 1561 altius
657 1496 781 1561 cecidit.

115 1583 223 1650 Siccos
246 1585 376 1670 pinguis
401 1607 484 1668 onyx
507 1585 639 1649 anhelat
662 1589 769 1648 aestus

70 1689 101 1736 15
116 1672 161 1736 Et
183 1673 315 1738 flamma
337 1675 426 1738 tenui
449 1673 555 1739 calent
576 1673 720 1756 ophitae:

117 1761 211 1825 [titus
235 1763 263 1825 si
284 1763 436 1846 placeant
457 1760 519 1825 tibi
541 1759 720 1843 Laconum,

115 1847 296 1913 Contentus
319 1853 413 1932 potes
437 1850 527 1914 arido
551 1871 670 1934 vapore

115 1936 224 2002 Cruda
245 1936 381 2023 Virgine
404 1937 566 2002 Marciave
590 1937 707 2023 mergi,

115 2025 204 2100 Quae
227 2029 295 2090 tam
319 2026 467 2108 candida,
489 2030 558 2089 tam
582 2047 695 2089 serena
717 2025 818 2109 lueet,

68 2130 104 2177 20
113 2113 160 2178 Ut
183 2113 291 2177 nullas
314 2114 362 2178 ibi
385 2113 555 2198 suspiceris
578 2113 679 2178 undas

113 2201 160 2264 Et
183 2202 294 2266 credas
318 2224 453 2266 vacuam
476 2201 579 2265 nitere
602 2201 731 2284 lygdon.

113 2288 190 2354 Non
213 2289 366 2374 attendis,
390 2294 422 2353 et
446 2311 522 2355 aure
545 2310 597 2353 me
620 2289 735 2373 supina

113 2377 186 2441 Iam
210 2378 330 2442 dudum
354 2377 447 2461 quasi
469 2376 679 2462 neglegenter
703 2375 805 2440 audis.

113 2464 231 2530 Illotus
254 2465 416 2550 morieris,
440 2464 594 2551 Oppiane.

115 2685 203 2750 Dum
225 2684 287 2749 tibi
309 2684 422 2749 felices
446 2685 628 2769 indulgent,
652 2683 809 2767 Castrioe,
833 2683 931 2748 Baiae

161 2771 312 2857 (lanaque
337 2773 518 2857 sulphureis
541 2773 685 2857 nympha
706 2775 839 2836 natatur
862 2773 966 2857 aquis,

113 2860 168 2925 Me
191 2860 389 2926 Nomentani
412 2861 604 2926 confirmant
626 2860 693 2924 otia
716 2861 801 2925 ruris

158 2948 203 3013 Et
225 2971 301 3014 casa
322 2949 488 3035 iugeribus
510 2972 577 3014 non
601 2970 737 3014 onerosa
760 2949 835 3013 suis.

88 3036 187 3102 5Hoc
210 3038 290 3102 mihi
313 3037 429 3102 Baiani
452 3040 535 3103 soles
559 3038 731 3120 mollisque
755 3037 925 3121 Lucrinus,

159 3124 231 3191 Hoc
254 3125 334 3190 mihi
358 3131 434 3191 sunt
456 3131 597 3210 vestrae,
621 3124 777 3209 Castrice,
802 3126 941 3190 divitiae.

115 3212 283 3288 Quondam
306 3215 455 3302 laudatas
479 3236 669 3299 quocunque
691 3213 816 3278 libebat
839 3214 879 3277 ad
902 3215 1005 3279 undas

159 3301 294 3367 Currere
317 3324 378 3367 nec
400 3302 515 3388 longas
534 3301 746 3386 'pertimuisse
769 3303 852 3382 vias,

115 3389 211 3455 Nunc
234 3391 324 3455 urhis
347 3391 452 3455 vicina
474 3391 587 3454 iuvant
610 3390 784 3472 facilesque
808 3411 965 3474 recessus,

71 3496 104 3544 10
160 3478 206 3543 Et
230 3479 311 3543 satis
335 3483 397 3563 est,
419 3479 515 3564 pigro
540 3479 567 3542 si
590 3478 666 3542 licet
689 3499 759 3540 esse
782 3478 872 3542 mihi.

114 3697 245 3784 Festive
269 3699 371 3763 credis
395 3701 440 3776 te,
465 3609 662 3779 ΟαΙΙΧίξὲὲΘ,
685 3695 784 3761 iocari

159 3787 206 3851 Et
228 3787 333 3852 solum
357 3787 463 3854 multo
487 3785 716 3875 permaduisse
736 3783 822 3852 sale.
