2408 4132
388 336 684 391 EPIGRAMMATON
701 336 768 392 LIB.
787 337 807 389 Ι.
1056 335 1097 400 21

137 500 214 564 Non
237 521 319 584 quae
341 499 381 563 de
403 499 506 562 tardis
530 503 699 564 serrantur
721 498 842 562 vitibus
865 520 945 562 uvae

184 587 342 652 Dulcibus
367 591 424 651 aut
446 591 572 651 certant
596 608 678 670 quac
692 587 863 651 melimela
884 585 982 667 favis,

110 674 215 740 tNon
236 675 309 758 pira
332 696 413 758 quae
437 676 537 759 longa
558 676 699 758 pendent
721 675 859 758 religata
883 677 1017 758 genesta

182 763 251 826 Aut
274 763 402 826 imitata
425 764 538 827 breves
562 763 682 828 Punica
705 783 808 848 grana
829 784 935 845 rosas,

138 850 274 916 Rustica
296 851 454 915 lactantes
476 873 535 915 nec
558 851 648 915 misit
671 849 802 914 Sassina
825 853 928 914 metas

183 938 251 1003 Nec
275 939 314 1002 de
338 939 464 1006 Picenis
488 939 577 1003 venit
599 940 685 1002 oliva
708 937 808 1002 cadis:

138 1026 254 1092 Nudus
278 1049 369 1111 aper,
393 1027 449 1091 sed
472 1030 506 1090 et
528 1027 581 1091 hic
604 1026 756 1090 minimus
781 1026 946 1109 qualisque
969 1025 1078 1089 necari

93 1133 127 1179 10
182 1114 213 1177 A
236 1136 303 1178 non
325 1119 452 1180 armato
475 1114 653 1199 pumilione
675 1118 793 1199 potest.

137 1203 184 1266 nt
201 1201 284 1266 nihil
302 1203 376 1267 inde
395 1203 506 1267 datum
520 1206 583 1286 est3
600 1205 730 1267 tantum
745 1202 960 1285 spectavimus
976 1222 1100 1266 omnes:

184 1289 308 1354 Ponere
332 1289 447 1375 aprum
469 1290 563 1354 nobis
587 1291 633 1355 sic
656 1294 689 1356 et
711 1290 833 1354 harena
855 1290 946 1354 solet

138 1378 284 1442 Ponatur
306 1379 367 1442 tibi
388 1378 497 1442 nullus
522 1401 599 1463 aper
622 1383 698 1462 post
720 1378 801 1441 talia
823 1377 923 1462 facta,

116 1525 119 1529 Δ
184 1464 247 1529 Sed
268 1469 305 1530 tu
328 1467 461 1550 ponaris
485 1467 536 1530 cui
559 1466 769 1534 Charidemus
794 1487 881 1549 apro,

138 1713 292 1778 Lascivos
315 1714 464 1798 leporum
487 1735 599 1777 cursus
622 1714 775 1797 lususque
797 1714 927 1777 lconuin

184 1800 276 1876 Quod
299 1802 403 1865 maior
424 1802 520 1867 nobis
543 1801 656 1867 charta
679 1802 847 1884 minorque
871 1801 956 1887 gerit

137 1889 185 1952 Et
206 1889 257 1953 bis
281 1889 366 1952 idern
388 1888 539 1973 facimus,
562 1890 697 1954 nimium
721 1890 762 1972 si,
785 1888 901 1972 Stella,
924 1888 1051 1953 videtur

183 1975 254 2041 Hoc
277 1977 353 2061 tibi,
375 1977 426 2041 bis
449 1979 591 2062 leporem
614 1981 653 2042 tu
675 1999 802 2062 quoque
824 1999 909 2062 ponc
931 1975 1021 2040 mihi.

548 2115 646 2181 XLV.

139 2222 238 2286 Edita
259 2244 300 2287 nc
322 2222 475 2287 brevibus
498 2227 610 2306 pereat
632 2223 714 2287 mihi
736 2205 813 2287 cura
835 2220 969 2305 libellia,

184 2309 318 2374 Dicatur
340 2313 449 2394 potius
476 2313 544 2375 Τὸν
568 2308 598 2374 δ’
625 2311 907 2394 ἄπαμειβόμενοςῗ

542 2452 656 2518 XLVI.
708 2439 709 2443 ¹

141 2555 223 2621 Cum
246 2557 325 2623 dicis
348 2557 524 2642 „Propero,
546 2558 599 2623 fac
622 2559 650 2622 si
675 2557 787 2638 facis,“
808 2554 947 2640 Hedyle,
970 2556 1104 2639 languet

185 2645 339 2712 Protinus
364 2650 397 2710 et
419 2650 525 2711 cessat
548 2646 719 2710 debilitata
741 2644 860 2710 Venus

139 2733 320 2814 Expectare
343 2733 431 2798 iube:
454 2735 596 2799 velocius
619 2735 673 2798 ibo
697 2736 851 2798 retentus.

184 2819 323 2905 Hedyle,
346 2822 376 2887 si
397 2843 565 2906 properas,
589 2822 639 2887 dic
662 2821 757 2905 mihi,
778 2844 818 2886 nc
840 2843 1021 3025 properem.

534 2961 664 3027 XLVII·
748 2960 905 3082 ww,
944 2922 997 2986 et
1013 2979 1182 3072 s

140 3066 252 3150 Nuper
275 3071 346 3132 erat
367 3068 523 3150 medicus,
544 3091 630 3132 nunc
652 3073 703 3132 est
725 3068 856 3152 vispillo
879 3043 1049 3133 Diaulus:

186 3153 276 3230 Quod
300 3155 430 3241 vispillo
453 3120 546 3241 facit,
568 3156 690 3222 fecerat
712 3162 745 3220 et
767 3157 917 3222 medicus.
1035 3158 1084 3205 ν’

526 3296 674 3363 XLVIII

140 3401 289 3467 Rictibus
313 3401 365 3465 his
387 3405 498 3465 tauros
520 3424 588 3466 non
610 3402 756 3485 eripuere
778 3401 943 3486 magistri,

185 3489 248 3553 Per
272 3511 351 3572 quos
375 3490 494 3572 praeda
516 3489 615 3574 fugax
638 3490 727 3574 itque
749 3490 894 3574 reditque
917 3490 1039 3573 lepus&

141 3577 297 3661 Quodque
320 3577 425 3662 magis
448 3579 580 3660 mirum,
602 3579 744 3642 velocior
766 3578 898 3660 exitxah
918 3577 1023 3642 hoste
1069 3603 1085 3637 r

184 3665 253 3733 Nec
272 3665 355 3730 nihil
378 3688 399 3732 a
422 3669 515 3734 tanta
537 3666 717 3738 nobilitate
739 3667 857 3737 retent.
1060 3654 1106 3715 ⁸
1162 3682 1184 3764 ς

1000 3931 1105 3966 *ms*
1124 3932 1156 3961 “-,
