2408 4132
474 236 581 379 affl

91 467 135 534 36
300 538 305 563 κ
393 510 396 514 .
417 466 773 546 11,,,111.11111111111

920 492 932 537 l,

135 631 234 695 Paret
255 630 423 715 purpureis
448 652 526 714 aper
548 631 735 715 capistriss
753 667 757 671 -
772 538 959 709 &salutii

136 719 259 803 Turpes
284 719 397 797 esseda
420 718 505 802 quod
527 719 663 782 trahunt
685 719 862 784 bisontes

75 878 78 883 ,
136 807 183 872 Et
205 808 319 872 molles
343 808 419 871 dare
441 806 531 871 iussa
554 807 640 891 quod
662 806 807 872 choreas·
867 806 872 821 ¹

95 910 127 958 ιο
137 894 242 980 Nigro
266 896 363 960 belua
384 916 451 959 non
473 898 573 980 negat
595 895 766 980 magistro:
858 826 869 977 i

137 983 216 1059 Quis
240 983 425 1067 spectacula
447 1004 513 1047 non
534 986 627 1067 putet
650 982 805 1048 deorum?

128 1068 225 1136 diacc
246 1071 366 1136 transit
388 1075 509 1155 tamen,
532 1075 570 1135 ut
592 1071 730 1150 minora,
754 1069 901 1155 quisquis

134 1158 280 1224 Venatus
303 1158 442 1224 humiles
465 1160 554 1224 videt
576 1160 720 1239 leonum,

136 1247 224 1322 Quos
247 1248 342 1312 velox
364 1248 512 1331 leporum
534 1247 633 1312 timor
653 1247 784 1333 fatigat.

94 1335 329 1419 15Dimittunt,
351 1338 516 1419 repetunt,
539 1340 711 1419 amantque
735 1339 863 1420 captos,

135 1423 181 1488 Et
204 1423 346 1489 securior
370 1427 420 1488 est
442 1424 476 1487 in
499 1446 556 1491 ore
577 1424 710 1507 praeda,
909 1478 918 1493 s

134 1510 242 1576 Laxos
266 1496 630 1596 cffiffper‘nosque
653 1513 754 1591 rictus
780 1523 957 1582 ,ww

135 1598 284 1664 Gaudent
307 1603 340 1664 et
361 1599 493 1665 timidos
515 1604 623 1664 tenere
647 1600 774 1681 dentes,

135 1687 268 1752 Mollem
290 1687 441 1774 frangere
464 1688 539 1752 dum
562 1689 661 1772 pudet
683 1687 845 1772 rapinam,

92 1774 256 1841 neStratis
280 1797 352 1840 cum
374 1776 469 1840 modo
492 1776 639 1841 venerint
661 1776 814 1840 iuvencis.

134 1862 225 1929 Haec
248 1863 420 1929 elementia
440 1885 508 1928 non
531 1868 666 1947 paratur
689 1867 772 1948 arte,

136 1949 200 2016 sed
221 1955 342 2016 norunt
364 1955 417 2015 cui
440 1952 583 2034 serviant
607 1953 726 2017 leones.

563 2082 630 2149 CV.

134 2179 174 2244 In
195 2178 424 2262 Nomentanis,
447 2179 555 2263 Ovidi,
579 2181 665 2264 quod
688 2181 832 2247 nascitur
855 2182 955 2267 arvis,

179 2267 315 2352 Accepit
338 2269 487 2353 quotiens
509 2272 658 2352 tempora
680 2270 793 2355 longa,
816 2290 941 2335 merum

135 2356 236 2422 Exuit
259 2379 382 2421 annosa
405 2378 510 2421 mores
533 2379 715 2442 nomenque
738 2361 880 2428 senecta:
913 2390 918 2398 ·

177 2444 224 2509 ut
246 2445 400 2529 quidquid
421 2445 539 2529 voluit,
562 2449 648 2510 testa
669 2449 804 2510 vocatur
827 2467 917 2529 unus.

555 2583 638 2650 CVI.

134 2689 319 2773 Interponis
344 2711 461 2773 aquam
485 2690 633 2776 subinde,
655 2690 752 2776 Rufe,

135 2778 182 2841 Et
205 2779 233 2841 si
256 2777 383 2863 cogeris
407 2801 426 2841 a
449 2778 573 2862 sodale,
595 2802 704 2844 raram

136 2864 242 2929 Diluti
263 2865 349 2929 bibis
372 2866 500 2930 unciam
522 2865 660 2932 Falerni.

135 2952 301 3037 Numquid
323 2953 471 3037 pollicita
494 2955 628 3020 esttibi
651 2958 782 3022 beatam

110 3041 276 3106 sNoctem
298 3040 425 3106 Naevia
447 3042 634 3128 sobriasque
658 3045 760 3110 mavis

137 3128 251 3195 Certae
273 3129 436 3215 nequitias
459 3131 655 3198 fututionis?

138 3216 303 3302 Suspiras,
326 3220 456 3302 retices,
480 3221 596 3306 gemis:
619 3221 761 3308 negavit.

137 3304 274 3371 Crebros
298 3328 376 3393 ergo
400 3307 476 3371 licet
498 3308 592 3373 bibas
614 3309 749 3374 trientes

136 3392 181 3458 Et
204 3393 318 3458 durum
340 3396 467 3481 iugules
491 3418 580 3462 mero
604 3397 757 3462 dolorem.

93 3498 126 3548 ιο
137 3482 220 3558 Quid
242 3482 349 3566 parcis
372 3483 447 3567 tibi,
469 3483 577 3549 Rufe?
600 3485 823 3551 dormiendum
848 3490 907 3551 est.

137 3709 238 3795 Saepe
262 3711 343 3776 mihi
367 3674 459 3794 dicis,
481 3613 750 3779 Luciodaliissime
772 3674 850 3801 Iuli,

161 3797 302 3880 „Scuto
326 3801 452 3887 aliquid
475 3821 649 3890 magnum:
671 3802 851 3869 desidiosus
871 3804 971 3870 bomo
994 3804 1057 3870 es.“
