2408 4132
88 417 153 482 304
409 413 450 469 M.
468 413 549 469 VAL.
567 412 765 468 MARTIALIS

499 574 677 640 LXXXIV.

132 680 322 764 Noluersm,
344 679 520 764 Polytime,
542 684 617 744 tuos
639 678 762 743 violsre
784 678 946 762 capillos,-

177 767 238 833 Sed
260 768 349 833 iuvet
372 768 433 832 hoo
455 767 604 851 precibus
627 789 679 831 me
701 766 856 832 tribuisse
879 769 961 836 tuis.

133 856 219 921 Talis
243 878 328 940 eres,
349 855 445 920 modo
468 859 561 920 tonse
583 855 715 938 Pelops,
736 854 924 939 positisque
947 858 1086 926 nitebas

9 941 12 947 ’
177 944 339 1029 Crinibus,
361 949 399 1009 ui
420 946 525 1008 totum
549 965 667 1027 sponsu
689 942 813 1008 videret
835 944 930 1017 ebur.

508 1081 668 1149 LXXXV.

132 1190 364 1256 Paedioonibus
388 1210 424 1254 os
448 1188 535 1253 olere
559 1188 647 1253 dieis.

133 1277 205 1343 Hoo
228 1280 269 1362 si,
292 1279 374 1342 siout
396 1277 457 1361 ais,
479 1276 628 1359 Fabulle,
650 1298 763 1341 verum
785 1280 849 1342 esi:

136 1365 219 1442 Quid
240 1371 278 1432 tu
300 1366 403 1431 eredis
426 1366 513 1431 olere
536 1365 753 1450 ounnilingis‘?

500 1504 678 1570 LXXXVI

134 1612 284 1696 Triginta
306 1611 368 1676 ribi
391 1615 466 1675 suni
487 1611 579 1694 pueri
602 1610 801 1694 totidemque
823 1612 971 1696 puellae:

178 1699 252 1763 Una
274 1703 325 1762 est
347 1719 405 1762 neo
427 1700 532 1783 surgit
553 1700 708 1764 mentula.
743 1697 826 1775 Quid
848 1699 978 1769 fusiss?

497 1837 688 1904 LXXXVII.

134 1944 191 2009 Bis
215 1943 312 2009 (iotis
335 1946 439 2010 soleas
461 1945 637 2029 perdidisse
661 1966 695 2009 se
718 1948 864 2029 questus,

134 2032 219 2096 Dum
242 2034 465 2118 neglegentem
489 2032 576 2098 duoit
598 2034 638 2097 ad
661 2033 758 2117 pedes
780 2054 928 2120 vernum,

138 2120 201 2197 Qui
224 2121 312 2185 solns
335 2122 425 2206 inopi
447 2125 594 2207 praestat
616 2124 650 2186 et
672 2121 751 2186 fecit
772 2123 918 2208 turbam,

133 2209 342 2294 Excogitavit
364 2247 400 2257 -
420 2211 517 2275 homo
541 2231 643 2296 sagax
666 2214 699 2274 ei
721 2212 848 2274 astutus
870 2244 910 2258 -·

109 2297 184 2362 oNe
205 2297 311 2363 faeere
333 2303 445 2382 posset
467 2299 532 2363 lale
556 2300 683 2384 saepius
707 2298 873 2363 damnum:

134 2385 337 2452 Exealeiatus
360 2388 408 2452 ire
430 2387 536 2472 eoepit
559 2387 599 2451 ad
622 2408 743 2452 cenam.

488 2526 697 2594 LXXXVIII.

135 2633 344 2717 Tongilianus
363 2632 463 2698 habet
480 2655 610 2699 nasum:
628 2634 708 2718 seio,
730 2655 796 2698 non
813 2653 908 2719 nego.
945 2632 1015 2703 Sed
1037 2638 1107 2707 iem

177 2721 234 2786 Nil
256 2724 385 2804 praeter
406 2743 522 2787 nasum
544 2722 755 2807 Tongilianus
777 2720 886 2788 hu‘oel

505 2859 681 2928 LXXXIX.

135 2964 227 3040 Quod
249 2967 324 3031 lane
347 2970 444 3051 eaput
466 2968 596 3053 alligas,
619 2968 772 3053 Charine,
894 3007 897 3014 ·

134 3053 212 3120 Non
235 3076 328 3119 aures
352 3055 427 3137 tibi,
450 3055 507 3120 sed
530 3056 642 3122 dolent
663 3056 782 3142 capilli.

562 3196 628 3263 XO.

135 3300 198 3367 Pro
223 3324 312 3385 sene,
335 3303 390 3368 sed
413 3304 513 3387 clare,
535 3307 647 3369 volum
669 3302 763 3369 Mure
784 3303 862 3369 feeit
885 3302 1007 3391 amieo,
1121 3368 1124 3375 .

181 3388 240 3454 Oui
264 3391 373 3474 gravis
397 3396 430 3456 ei
450 3391 579 3456 fervens
602 3392 824 3457 hemitritaeos
848 3394 931 3474 eret,

136 3474 170 3541 Si
195 3476 324 3561 Stygias
348 3499 443 3564 aeger
465 3501 531 3545 non
554 3485 640 3545 esset
661 3481 779 3546 missus
802 3479 1018 3566 adamum,

179 3565 225 3629 Ui
248 3564 376 3631 eederet
397 3588 517 3653 magno
539 3568 672 3634 victima
694 3572 788 3653 grets
809 3566 886 3633 Iovi.

111 3650 320 3737 scoeperunt
342 3659 464 3720 certam
486 3657 602 3723 mediei
625 3657 781 3742 spondere
805 3655 955 3723 salutem.

177 3741 230 3808 Ne
253 3745 365 3810 votum
388 3744 508 3833 solvet,
530 3767 615 3811 nuno
638 3745 729 3811 Maro
752 3747 828 3809 vota
849 3742 940 3809 freis
