2408 4132
25 39 902 242 zww
931 39 968 46 ⁷
995 39 1036 44 “

325 495 617 552 EPIGRAMMATON
637 496 704 552 LIB.
722 497 795 552 XIV.

347 655 487 723 CCXIV.
510 657 608 722 Pueri
629 661 768 724 comoedi.

96 753 173 818 Non
197 754 258 818 erIt
280 753 313 817 in
336 754 433 817 turba
457 756 625 839 quisquam
649 756 865 839 Μισούμενος
887 756 963 820 ista:

142 841 204 907 Sed
228 842 348 925 poterit
371 843 476 926 quivis
501 864 571 907 esse
594 840 658 918 Δὶς
681 843 859 920 ἐξαπατῶν.

493 982 618 1048 Fibula.

96 1077 158 1142 Dic
181 1077 261 1142 mihi
285 1080 489 1163 simpliciter,
512 1081 674 1145 comoedis
698 1085 731 1145 et
754 1080 962 1163 citharoedis,

141 1166 269 1252 Fibula,
294 1168 371 1252 quid
393 1169 562 1253 praestas?
590 1167 730 1253 '„Carius
754 1176 791 1233 ut
812 1168 970 1234 futuant.“

392 1306 534 1374 CCXVI.
557 1311 719 1391 Accipiter.

96 1403 221 1469 Praedo
244 1405 308 1469 fuit
331 1405 513 1470 volucrum:
537 1407 678 1471 famulus
696 1429 782 1471 nunc
801 1407 933 1491 aucupis
956 1405 1040 1470 idem

140 1492 270 1577 Decipit
294 1497 326 1557 et
349 1498 460 1577 captas
484 1515 550 1558 non
573 1496 636 1559 sibi
659 1500 781 1559 maeret
804 1518 888 1560 aves.

211 1633 334 1699 Calama‘
355 1637 550 1719 aamrpateric'
573 1633 763 1721 (CCXVIII.
786 1635 905 1719 Sahal.

95 1729 172 1794 Non
194 1735 321 1796 tantum
345 1733 491 1815 calamIS,
516 1732 572 1797 sed
595 1737 692 1797 cantu
714 1733 841 1798 fallitur
865 1734 945 1817 ales,

141 1817 268 1884 Callida
291 1821 367 1885 dum
389 1821 491 1885 tacita
515 1821 632 1886 creseIt
655 1823 801 1887 harundo
825 1844 931 1886 manu.

198 1958 373 2027 CCXVIII.
396 1959 569 2048 (CCXVII.
594 1961 713 2050 Saba).
738 1963 915 2029 Obsonator.

95 2058 156 2123 Die
180 2062 296 2143 quotus
321 2062 353 2122 et
377 2061 491 2142 quanti
514 2061 625 2144 cupias
649 2082 777 2144 cenare,
800 2082 859 2125 nee
882 2082 983 2124 unum

140 2146 312 2211 Addideris
335 2149 484 2212 verbum:
507 2170 587 2213 cena
609 2153 725 2230 parata
747 2149 809 2213 tibi
833 2152 891 2213 est.

439 2287 500 2353 Cor
522 2288 674 2352 bubulum.

94 2384 224 2469 Pauper
247 2384 425 2449 causidicus
448 2383 556 2449 nullus
580 2384 753 2448 referentia
774 2406 924 2449 nummos

141 2472 293 2538 Carmina
317 2495 389 2538 eum
413 2473 551 2559 scribas,
575 2474 681 2557 accipe
706 2494 775 2556 cor,
799 2473 885 2555 quod
907 2473 1017 2537 habes.

429 2610 553 2679 CCXX.
577 2611 679 2679 Cocus.

94 2710 171 2776 Non
195 2712 274 2775 satis
297 2714 347 2774 est
370 2732 423 2774 ars
447 2711 517 2774 sola
540 2733 630 2775 coco:
654 2710 772 2774 servire
795 2710 943 2792 palatum

139 2799 239 2864 Nolo:
262 2820 356 2865 cocus
379 2799 501 2863 demini
526 2799 620 2863 debet
643 2798 762 2863 habere
786 2799 905 2882 gulam.

356 2937 515 3006 &attenta
536 2960 604 3004 eum
626 2940 752 3004 veribus.

96 3038 183 3102 Rara
206 3035 268 3100 tibi
291 3059 389 3102 curva
411 3037 567 3102 cratIcula
589 3037 682 3101 sudet
706 3036 817 3120 ofella3

64 3147 87 3206 j
141 3124 298 3210 Spumeus
320 3127 354 3189 in
376 3126 475 3210 longa
498 3124 628 3210 cuspide
651 3126 755 3190 fumet
779 3147 863 3207 aper.

313 3264 468 3330 CCXXII.
491 3267 597 3331 Pistor
618 3266 796 3332 dulciarius.

95 3362 187 3428 Mille
210 3363 273 3427 tibi
297 3363 403 3426 dulces
428 3385 561 3447 operum
584 3376 697 3426 manus
721 3362 785 3425 ista
807 3361 929 3446 figuras

139 3451 291 3516 Extruet:
318 3451 392 3515 huic
417 3453 470 3515 uni
494 3473 592 3535 parea
615 3452 744 3515 laborat
767 3449 846 3531 apis.

481 3592 630 3673 Adc'palu.

97 3687 240 3774 Surgite:
264 3690 329 3753 iam
352 3687 462 3752 vendit
485 3690 591 3770 pueris
614 3687 777 3752 ientacula
799 3687 904 3772 pistor

142 3776 364 3862 Cristataeque
389 3781 507 3840 sonant
530 3777 674 3862 undique
693 3775 782 3840 ludus
804 3797 899 3840 uuas.
