2408 4132
10 39 1184 107 —1-1-

277 336 479 392 PRAEFATIO
498 337 601 392 ANNO
621 342 689 392 1885
708 337 863 393 SCRIPTA.
1031 337 1070 390 IX

152 503 199 563 De
220 507 311 563 notis
333 505 407 563 meis
430 508 556 564 criticis
577 505 651 564 haec
674 508 744 565 sunt
761 506 915 564 monenda.
947 504 1069 564 Exclusi

63 610 114 652 res
141 591 180 650 ad
203 592 447 670 orthographiam
472 593 663 667 pertinentes.
710 592 820 652 Contra
842 593 1070 653 commemoravi

67 683 96 740 1.
130 698 231 739 omnes
262 679 405 739 lectiones
431 682 628 757 utrarumque
657 681 872 740 Schneidewini
904 681 1070 740 editionum

66 761 191 849 (sunm,
209 760 332 843 Sohn.¹,
351 761 489 849 Sohnfl),
512 768 565 826 ubi
587 771 641 826 aut
658 769 728 827 illae
751 771 830 828 inter
848 788 879 828 se
899 768 1071 844 discrepant

67 858 123 914 aut
133 874 191 933 ego
205 855 334 932 discessi,
355 858 382 914 2.
399 848 641 936 Scriveriifflcr.²
651 849 770 938 Scriv.)
783 857 934 933 lectiones,
948 856 1001 914 ubi
1015 859 1071 914 aut

68 943 309 1004 Schneidewinus
332 943 363 1000 in
386 944 482 1003 altera
505 943 635 1003 editione
662 948 715 1003 aut
738 963 793 1022 ego
815 945 854 1002 ad
877 962 927 1003 eas
950 944 1070 1019 reverti,

68 1034 97 1094 3.
125 1031 253 1090 aliorum
280 1031 464 1091 coniecturas
490 1035 694 1109 tantumne,
722 1051 798 1109 quae
821 1032 895 1090 mihi
918 1050 979 1090 esse
1001 1050 1069 1107 pro-

66 1119 182 1179 babiles
203 1119 394 1195 videbantur,
426 1122 454 1180 4.
478 1138 594 1179 omnes
616 1120 709 1197 locoS,
742 1139 816 1197 quos
840 1123 893 1179 aut
915 1122 1070 1196 corruptos

68 1209 128 1268 ant>
135 1206 267 1266 nondum
281 1207 444 1283 explicatos
462 1225 525 1267 esse
543 1208 686 1284 existimo,
711 1210 740 1269 5,
758 1208 901 1268 librorum
918 1209 1069 1283 lectiones,

67 1295 122 1354 nbi
149 1294 182 1354 in
201 1297 294 1354 ‘textu
319 1295 416 1353 minus
444 1298 525 1354 certa
556 1296 726 1355 coniectura
752 1297 876 1375 legitur,
914 1299 941 1355 6.
970 1312 1071 1355 omnes
1174 1322 1182 1341 ·

67 1379 212 1442 lectiones
234 1382 331 1459 partis
352 1383 497 1442 librorum
523 1376 589 1464 (sed
611 1385 722 1459 apertis
744 1385 934 1444 librariorum
955 1383 1070 1442 mendis

68 1471 161 1530 tacite
189 1463 358 1552 correctis),
390 1490 583 1548 quaecunque
610 1492 670 1531 non
697 1473 794 1532 minus
820 1475 918 1530 rectae
945 1474 1072 1548 possunt

68 1558 165 1618 videri
192 1578 283 1635 quam
311 1559 391 1635 quod
418 1578 472 1636 ego
499 1561 531 1617 in
557 1562 644 1618 textu
670 1561 790 1619 exhibui
817 1552 940 1639 (easque
963 1560 1007 1618 ita
1033 1562 1072 1617 ut

70 1665 144 1724 qnas
162 1647 226 1723 ipse
244 1647 451 1724 improbarem,
468 1647 552 1706 uncis
570 1641 775 1729 includerem).
810 1649 889 1706 Nam
908 1667 975 1706 cum
991 1647 1070 1705 Mar·

68 1735 152 1795 111111
180 1735 398 1812 epigrammata
425 1735 520 1794 tribus
546 1736 691 1794 librorum
717 1736 840 1795 familiis
868 1737 906 1794 ad
928 1754 982 1795 nos
1004 1754 1071 1810 per-

69 1823 215 1899 venerint,
237 1823 306 1881 fam
325 1824 354 1881 A
373 1815 422 1903 (a,
440 1825 473 1899 Τ,
491 1816 544 1904 H),
568 1843 644 1899 quae
664 1825 777 1900 optima
800 1827 853 1900 est,
877 1823 928 1882 sed
949 1825 1071 1882 tantum

70 1913 209 1986 excerpta
228 1904 401 1992 continetl),
419 1911 526 1969 famB
546 1903 602 1992 (ill,
620 1913 703 1971 cuius
721 1913 810 1971 lectio
828 1913 985 1987 permultis
998 1911 1071 1970 locis

69 2002 143 2060 noia
162 2001 215 2076 est,
237 2001 393 2074 praeterea
409 1998 477 2074 PQ,
501 1999 553 2075 qui
570 2018 783 2074 nonnunquam
801 2019 836 2058 ex
854 1999 930 2058 libro
949 2000 1018 2057 fam.
1035 1997 1073 2056 0⁸

70 2078 317 2167 currentiam),
348 2088 417 2144 fam.
442 2085 478 2145 ca
500 2085 739 2166 (XABOGEV,
772 2107 787 2146 e
816 2087 922 2163 quibus
949 2085 1071 2144 XABEl

70 2193 224 2250 nunquam
246 2175 284 2232 ad
307 2173 398 2232 aliam
417 2174 563 2232 familiam
581 2168 764 2255 deflectunt),
787 2175 825 2233 iis
843 2174 925 2249 locis,
947 2173 999 2231 ubi
1018 2176 1073 2231 aut

70 2263 140 2321 fam.
160 2262 188 2319 A
211 2280 230 2319 a
252 2262 359 2320 ceteris
380 2262 465 2320 libris
489 2265 542 2321 aut
565 2255 669 2342 (iniis
693 2261 916 2339 epigrammatis
943 2260 1073 2336 quaein

70 2351 140 2409 fam.
160 2350 188 2407 A
214 2368 273 2409 non
295 2342 453 2431 leguntur)
480 2350 594 2409 fomB
621 2369 640 2408 a
666 2351 736 2409 fam.
756 2349 793 2408 Ο*
818 2350 981 2425 discrepat,
1009 2366 1072 2408 sae-

69 2438 141 2515 pius
163 2440 233 2496 utra
255 2437 346 2497 lectio
369 2457 387 2497 a
408 2440 499 2514 poeta
521 2439 587 2515 ipso
609 2438 743 2514 profecta
766 2438 814 2514 sit,
837 2437 994 2496 diiudicari
1012 2456 1073 2495 non

70 2518 212 2607 potest2).
248 2525 284 2584 In
306 2528 394 2584 textu
414 2526 618 2603 ubicunque
640 2527 726 2586 fieri
748 2528 893 2602 poterat
916 2524 1073 2584 Schneide-

71 2614 183 2674 winum
206 2632 272 2672 sum
295 2617 421 2673 secutus.

159 2705 249 2761 rrdl.
272 2701 430 2778 significat,
454 2720 530 2777 quae
548 2701 758 2760 Friedlaander
781 2704 835 2760 aut
857 2701 890 2758 in
907 2699 992 2759 libris
1011 2700 1073 2759 suis

71 2789 238 2864 publicavit
268 2790 323 2847 aut
349 2807 403 2864 per
429 2789 532 2848 literas
560 2781 610 2869 (p.
633 2780 671 2870 1.)
698 2789 825 2867 benigne
852 2806 968 2847 mecum
996 2806 1074 2846 com·

143 2973 169 3042 1)
188 2972 356 3043 [Nonnullae
369 2972 503 3027 lectiones
517 2972 584 3026 libri
599 2972 717 3026 alicuius
730 2973 813 3026 huius
827 2972 951 3026 familiae
965 2971 1076 3026 notavit

70 3042 241 3112 Bongarsius
259 3042 289 3096 in
306 3043 433 3112 margine
451 3043 517 3096 libri
534 3043 681 3097 Bernensis
696 3045 759 3114 (M);
779 3044 829 3098 sed
842 3043 948 3097 multae
961 3042 1075 3096 illarum

70 3116 200 3168 notarum
218 3112 278 3167 sina
296 3112 381 3167 dubio
404 3130 460 3168 non
479 3130 512 3168 ex
529 3113 602 3167 libro
621 3113 745 3167 familiae
763 3115 788 3167 A
809 3116 936 3182 sumptae
955 3115 1032 3181 sunt,
1057 3129 1076 3166 a

71 3200 128 3253 qua
145 3182 420 3306 familipfimllongarsii
436 3183 571 3238 lectiones
590 3183 701 3253 saepius
720 3184 880 3253 discrepant
897 3200 982 3252 quam
998 3183 1074 3238 Frdl.

103 3259 189 3308 .76s.
220 3270 238 3307 a
311 3256 349 3307 at.

72 3259 101 3324 (p
143 3327 170 3394 2)
191 3256 236 3377 Ad
258 3255 467 3378 libros]I-·VII
489 3324 530 3395 [in
553 3323 739 3379 retractandis
761 3323 835 3377 notis
859 3323 963 3378 criticis
987 3322 1075 3377 etiam

71 3395 109 3449 ad
130 3394 217 3448 libros
240 3394 434 3519 Vffl-XIVA
451 3394 585 3449 lectiones
608 3394 712 3449 codicis
736 3393 758 3458 Q
786 3397 815 3448 et
837 3395 940 3449 codicis
963 3395 997 3460 F,
1026 3393 1075 3462 qui

70 3466 146 3519 inter
170 3463 292 3519 familiae
315 3466 338 3518 B
362 3467 391 3518 et
434 3472 448 3501 ⁸
474 3465 603 3534 fluctuat,
631 3482 665 3519 ex
689 3464 897 3519 Friedlaenderi
924 3462 1075 3518 collatione

71 3534 182 3603 addidi,
206 3535 255 3590 sed
272 3535 326 3604 ita,
345 3538 378 3589 ut
399 3534 562 3605 plerumque
582 3552 673 3605 neque
691 3538 830 3604 notarem,
854 3534 903 3588 ubi
922 3533 944 3599 Q
963 3537 1076 3604 praeter

69 3605 220 3662 lectionem
233 3605 357 3659 familiae
370 3606 394 3659 Β
413 3605 500 3659 etiam
514 3605 639 3661 familiae
654 3606 688 3660 0²
706 3605 856 3661 lectionem
868 3605 963 3675 habet,
982 3620 1075 3672 neque

69 3678 92 3734 F
111 3691 355 3732 commemorarem
372 3675 423 3729 ubi
440 3674 565 3730 familiae
583 3677 605 3730 B
625 3680 654 3732 et
672 3675 707 3731 C*
725 3675 909 3730 consentiunt.
