2408 4132
128 404 172 469 98
456 402 493 457 Μ.
512 399 595 455 VAL.
614 399 811 454 MARTIALIS

573 560 689 625 LVHI.

172 670 212 734 In
235 670 378 735 tenebris
401 670 494 754 luges
518 669 687 750 amissum,
711 666 817 749 Galla,
840 665 1002 730 maritum.

219 758 304 823 Nam
327 760 454 843 plorare
478 758 577 841 pudet
600 760 645 841 te,
668 758 761 840 puto,
785 754 894 838 Galla,
917 756 1032 819 virum.

590 897 673 961 LIX.

174 1005 343 1071 Flentibus
366 1004 540 1070 Heliadum
563 1004 662 1068 ramis
686 1003 763 1068 dum
785 1003 898 1088 vipera
920 1001 1017 1086 repit,
1084 990 1088 1001 ’

219 1093 330 1158 Fluxit
352 1094 387 1157 in
410 1094 595 1157 obstantem
619 1092 730 1157 sucina
753 1095 848 1177 gutta
869 1091 986 1155 feram:
1027 1143 1030 1148 .

176 1181 264 1257 Quae
288 1183 364 1246 dum
388 1181 525 1245 miratur
548 1181 662 1265 pingui
685 1202 814 1244 serore
837 1179 953 1263 teneri,

221 1269 378 1335 Concreto
401 1269 502 1354 riguit
524 1270 633 1334 vincta
655 1272 787 1353 repento
811 1269 894 1352 gelu.

149 1359 227 1424 tNe
250 1359 313 1422 tibi
336 1358 439 1442 regali
461 1357 609 1441 placeas,
632 1355 820 1441 Cleopatra,
844 1355 1004 1440 sepulcro,

220 1445 342 1531 Vipera
366 1447 394 1510 si
417 1446 542 1510 tumulo
565 1445 725 1510 nobiliore
748 1447 841 1510 iacet.
1082 1482 1087 1488 ·

604 1603 669 1668 LX.

175 1711 284 1775 Ardea
307 1709 449 1776 solstitio
473 1708 695 1792 Castranaque
716 1731 793 1772 rura
815 1713 967 1794 petantur

222 1798 346 1881 Quique
369 1797 528 1863 Cleonaeo
552 1798 655 1862 sidere
677 1798 782 1862 fervet
805 1819 895 1883 ager,

177 1885 258 1952 Cum
281 1887 468 1950 Tiburtinas
492 1887 623 1950 damnet
645 1883 808 1950 Curiatius
832 1909 926 1951 auras

221 1975 312 2038 Inter
334 1975 482 2039 laudatas
507 1975 547 2038 ad
570 1971 675 2058 Styga
698 1974 816 2038 missus
840 1997 948 2059 aquas.

150 2062 277 2129 5Nullo
299 2062 370 2126 fata
392 2064 463 2127 loco
487 2062 594 2146 possis
618 2064 795 2128 excludere:
821 2085 894 2127 cum
918 2084 1005 2127 mors

220 2149 369 2231 Venerit,
392 2151 426 2215 in
449 2151 553 2216 medio
577 2151 696 2216 Tibure
720 2149 868 2216 Sardinia
890 2158 948 2218 est.

595 2311 678 2375 LXI.

178 2416 327 2482 Donasse
351 2416 490 2481 amicum
513 2418 574 2482 tibi
596 2418 746 2501 ducenta,
769 2416 932 2500 Mancine,

177 2506 289 2590 Nuper
312 2506 449 2587 superbo
473 2506 579 2570 laetus
603 2528 658 2569 ore
680 2506 817 2571 iactasti.
950 2540 951 2544 ,

180 2594 322 2670 Quartus
346 2593 413 2657 dies
438 2597 500 2678 est,
522 2594 556 2656 in
579 2594 691 2657 schola
713 2598 882 2676 poetarum

177 2682 264 2745 Dum
286 2681 482 2764 fabulamur,
505 2682 637 2746 milibus
661 2681 770 2745 decem
793 2682 872 2745 dixt‘

154 2770 318 2850 sEmptas
341 2769 487 2833 lacernas
510 2791 627 2833 munus
650 2791 719 2834 esse
742 2769 944 2853 Pompullae,

179 2855 386 2938 Sardonycha
408 2878 520 2920 verum
542 2857 697 2939 lineisque
720 2861 769 2921 ter
792 2859 931 2922 cinctum

179 2946 333 3034 Duasque
356 2944 479 3007 similes
501 2943 652 3008 fluctibus
677 2946 775 3009 maris
799 2957 952 3029 gemmas*

178 3034 313 3098 Dedisse
337 3029 473 3095 Bassam
497 3031 702 3116 Caeliamque
726 3034 860 3099 iurasti„

178 3121 265 3186 Here
289 3121 327 3184 de
350 3120 493 3202 theatro,
515 3119 662 3184 Pollione
686 3127 849 3206 cantante,

138 3209 262 3276 iocum
285 3208 394 3273 subito
419 3208 537 3291 abires,
562 3209 636 3273 dum
659 3210 761 3295 fugis,
783 3212 980 3296 loquebaris,

180 3298 381 3363 Hereditatis
404 3296 465 3360 tibi
489 3299 632 3361 trecenta
655 3300 795 3381 venisse,

179 3389 225 3452 Et
248 3408 341 3452 mane
366 3389 509 3468 centum,
533 3389 664 3469 etpost
687 3387 852 3450 meridiem
875 3393 1008 3454 centum
1033 3404 1040 3415 ·

182 3475 266 3552 Quid
289 3475 351 3539 tibi
376 3474 501 3538 sodales
524 3474 658 3538 fecimus
681 3475 759 3538 mali
781 3477 932 3540 tantum?

180 3565 334 3629 Miserere
357 3563 439 3640 iam,
460 3563 611 3645 crudelis,
635 3565 667 3627 et
690 3563 749 3627 sile
772 3562 910 3628 tandem.

139 3653 265 3737 15Aut,
287 3652 316 3716 si
338 3655 445 3716 tacere
468 3646 579 3736 lingua
601 3672 665 3716 non
688 3655 796 3733 potest
817 3651 894 3735 ista,

177 3740 367 3826 Aliquando
389 3762 501 3826 narra,
526 3740 610 3826 quod
632 3739 768 3805 velimus
792 3741 911 3805 audire.
