2408 4132
310 485 607 541 EPIGRAMMATON
624 484 690 540 LlB.
711 485 749 540 VI
763 487 783 540 1.
857 489 858 492 ’
988 482 1052 547 185

476 646 624 711 ΧΧΧΙΧ.

92 745 155 821 Qui
177 743 347 809 Palatinae
371 748 501 828 caperet
523 744 671 809 convivia
694 765 824 808 mensae

134 831 388 916 Ambrosiasque
412 833 524 916 dapes,
546 854 613 897 non
635 835 705 896 erat
728 836 803 896 ante
826 830 929 896 locus:

91 920 153 985 Hic
175 921 304 985 haurire
329 919 419 985 decet
442 942 581 1004 sacrum,
606 919 808 1004 Germanice,
830 923 942 985 nectar

134 1010 180 1074 Et
202 1007 408 1091 Ganymedea
429 1010 547 1095 pocula
569 1010 672 1074 mixta
694 1030 800 1073 manu.

65 1099 173 1164 sltsse
196 1097 291 1178 veliS,
315 1118 386 1180 oro,
409 1119 499 1161 serus
523 1101 658 1162 conviva
680 1097 848 1162 Tonantis:

135 1188 181 1251 At
203 1188 240 1249 tu
263 1185 292 1248 si
313 1207 482 1270 properas,
504 1184 664 1270 Iuppiter,
686 1186 756 1269 ipse
779 1184 861 1250 veni.

518 1335 584 1401 XL.

90 1431 166 1496 Non
189 1432 277 1495 horti
298 1452 401 1516 neque
424 1433 567 1516 palmitis
590 1433 691 1516 beati,

92 1520 155 1584 Sed
177 1520 243 1584 rari
265 1520 419 1604 nemoris,
442 1519 572 1606 Priape,
595 1525 718 1605 custos,

90 1609 142 1674 Ex
166 1630 228 1692 quo
250 1613 345 1673 natus
369 1631 403 1673 es
427 1613 459 1673 et
481 1615 574 1694 potes
597 1609 735 1692 renasci,

90 1697 243 1780 Furaoes,
266 1718 394 1780 moneo,
418 1719 531 1763 manus
555 1698 694 1779 repellas

65 1785 136 1849 snt
158 1786 274 1850 silvam
297 1785 420 1852 domini
443 1787 522 1865 focis
546 1808 702 1851 reserves:

92 1872 126 1937 Si
150 1873 301 1939 defecerit
322 1873 416 1957 haec,
439 1875 564 1958 etipse
587 1876 713 1960 lignum
738 1896 780 1940 es.

511 2022 594 2088 XLI.

91 2118 225 2205 „Tristis
249 2119 475 2203 Athenagoras
498 2141 565 2183 non
587 2121 678 2184 misit
700 2142 834 2184 munera
855 2120 965 2205 nobis,

136 2207 224 2284 Quae
247 2208 352 2272 medio
376 2207 508 2272 brumae
531 2208 658 2273 mittere
681 2230 790 2273 mense
814 2208 922 2273 solet.“

91 2299 145 2361 An
167 2296 210 2360 sit
233 2296 460 2381 Athenagoras
484 2295 603 2380 tristis,
625 2295 793 2380 Faustina,
817 2297 945 2362 videbo:

135 2383 189 2447 Me
212 2389 297 2448 certe
320 2386 447 2448 tristem
470 2383 547 2449 fecit
569 2385 806 2468 Athenagoras.

500 2533 599 2598 XLII.

92 2630 126 2696 Si
149 2635 182 2695 te
205 2632 353 2716 sportula
375 2631 478 2695 maior
501 2631 541 2695 ad
564 2633 677 2696 beatos

91 2718 166 2783 Non
190 2720 381 2805 corruperit,
403 2723 440 2783 ut
463 2720 559 2804 solet,
583 2719 694 2784 licebit

90 2808 139 2872 De
163 2812 288 2892 nostro,
311 2808 440 2892 Mathe,
462 2809 583 2873 centies
606 2809 731 2873 laveris.

494 2957 609 3022 XLIII.

91 3054 195 3119 Effert
217 3076 333 3119 uxores
356 3054 489 3135 Fabius,
514 3053 690 3120 Chrestilla
714 3057 862 3141 maritos,
930 3058 933 3065 ’

135 3142 375 3226 Funereamque
397 3145 479 3209 toris
504 3149 638 3228 quassat
661 3148 793 3228 uterque
817 3145 931 3210 facem.

90 3231 239 3296 Victores
263 3232 443 3316 committe,
465 3231 590 3298 Venus:
615 3255 695 3315 quos
718 3233 780 3297 iste
803 3235 947 3298 manebit

135 3320 266 3404 Exitus,
288 3343 352 3385 una
375 3321 454 3386 duos
477 3325 514 3385 ut
537 3320 681 3385 Libitina
703 3322 795 3385 ferat.

495 3461 609 3526 XLIV.

92 3559 228 3644 Titulle,
251 3580 380 3643 moneo,
402 3559 489 3623 vive:
513 3581 640 3642 semper
662 3560 724 3623 hoc
748 3581 853 3623 serum
877 3563 940 3642 est,

92 3645 159 3710 Sub
183 3647 372 3732 paedagogo
397 3647 538 3730 coeperis
563 3648 651 3731 licet,
675 3669 781 3712 serum
806 3652 864 3712 est.

92 3736 139 3800 At
161 3739 212 3819 tu,
235 3737 333 3800 miser
355 3736 491 3817 Titulle,
513 3756 573 3800 nec
596 3757 694 3801 senex
716 3737 815 3820 vivis,

94 3823 157 3888 Sed
182 3845 277 3888 omne
298 3824 399 3890 limen
423 3824 567 3892 conteris
590 3826 757 3892 salutator
