<?xml version="1.0" encoding="UTF-8"?>
<!DOCTYPE html PUBLIC "-//W3C//DTD XHTML 1.0 Transitional//EN"
    "http://www.w3.org/TR/xhtml1/DTD/xhtml1-transitional.dtd">
<html xmlns="http://www.w3.org/1999/xhtml" xml:lang="en" lang="en">
 <head>
  <title>
</title>
<meta http-equiv="Content-Type" content="text/html;charset=utf-8" />
  <meta name='ocr-system' content='tesseract 3.04.00' />
  <meta name='ocr-capabilities' content='ocr_page ocr_carea ocr_par ocr_line ocrx_word'/>
</head>
<body>
  <div class='ocr_page' id='page_1' title='image "./mvaleriimartial00gilbgoog/mvaleriimartial00gilbgoog_0191.png"; bbox 0 0 2408 4132; ppageno 0'>
   <div class='ocr_carea' id='block_1_1' title="bbox 3 439 777 668">
    <p class='ocr_par' dir='ltr' id='par_1_1' title="bbox 3 439 777 668">
     <span class='ocr_line' id='line_1_1' title="bbox 3 439 777 531; baseline 0.001 -38"><span class='ocrx_word' id='word_1_1' title='bbox 3 523 8 531; x_wconf 35' lang='grc' dir='ltr'><strong><em>Ι</em></strong></span> <span class='ocrx_word' id='word_1_2' title='bbox 101 439 166 503; x_wconf 81' lang='grc'><strong>144</strong></span> <span class='ocrx_word' id='word_1_3' title='bbox 424 440 461 494; x_wconf 74' lang='lat' dir='ltr'><strong>M.</strong></span> <span class='ocrx_word' id='word_1_4' title='bbox 479 441 561 496; x_wconf 81' lang='lat' dir='ltr'><strong>VAL.</strong></span> <span class='ocrx_word' id='word_1_5' title='bbox 580 439 777 494; x_wconf 79' lang='lat' dir='ltr'><strong>MARTIALIS</strong></span> 
     </span>
     <span class='ocr_line' id='line_1_2' title="bbox 557 571 754 668; baseline 0.005 -1"><span class='ocrx_word' id='word_1_6' title='bbox 557 602 657 668; x_wconf 71' lang='lat' dir='ltr'><strong>nra</strong></span> <span class='ocrx_word' id='word_1_7' title='bbox 750 571 754 577; x_wconf 81' lang='grc'><strong>’</strong></span> 
     </span>
    </p>
   </div>
   <div class='ocr_carea' id='block_1_2' title="bbox 0 689 892 2008">
    <p class='ocr_par' dir='ltr' id='par_1_2' title="bbox 0 689 892 2008">
     <span class='ocr_line' id='line_1_3' title="bbox 143 689 701 777; baseline 0 -22"><span class='ocrx_word' id='word_1_8' title='bbox 143 689 363 777; x_wconf 84' lang='lat' dir='ltr'><strong>Sexagesima,</strong></span> <span class='ocrx_word' id='word_1_9' title='bbox 385 691 563 775; x_wconf 84' lang='lat' dir='ltr'><strong>Marciane,</strong></span> <span class='ocrx_word' id='word_1_10' title='bbox 586 691 701 755; x_wconf 86' lang='lat' dir='ltr'><strong>messis</strong></span> 
     </span>
     <span class='ocr_line' id='line_1_4' title="bbox 143 777 892 864; baseline 0.001 -22"><span class='ocrx_word' id='word_1_11' title='bbox 143 777 229 844; x_wconf 84' lang='lat' dir='ltr'><strong>Acta</strong></span> <span class='ocrx_word' id='word_1_12' title='bbox 250 784 302 844; x_wconf 85' lang='lat' dir='ltr'><strong>est</strong></span> <span class='ocrx_word' id='word_1_13' title='bbox 324 785 371 861; x_wconf 84' lang='lat' dir='ltr'><strong>et,</strong></span> <span class='ocrx_word' id='word_1_14' title='bbox 393 785 488 864; x_wconf 86' lang='lat' dir='ltr'><strong>puto,</strong></span> <span class='ocrx_word' id='word_1_15' title='bbox 510 781 576 843; x_wconf 89' lang='lat' dir='ltr'><strong>iam</strong></span> <span class='ocrx_word' id='word_1_16' title='bbox 599 779 738 844; x_wconf 87' lang='lat' dir='ltr'><strong>secunda</strong></span> <span class='ocrx_word' id='word_1_17' title='bbox 761 777 892 864; x_wconf 85' lang='lat' dir='ltr'><strong>Cottae,</strong></span> 
     </span>
     <span class='ocr_line' id='line_1_5' title="bbox 143 866 688 933; baseline -0.002 -2"><span class='ocrx_word' id='word_1_18' title='bbox 143 866 212 932; x_wconf 89' lang='lat' dir='ltr'><strong>Nec</strong></span> <span class='ocrx_word' id='word_1_19' title='bbox 234 889 268 932; x_wconf 91' lang='lat' dir='ltr'><strong>se</strong></span> <span class='ocrx_word' id='word_1_20' title='bbox 290 869 399 933; x_wconf 87' lang='lat' dir='ltr'><strong>taedia</strong></span> <span class='ocrx_word' id='word_1_21' title='bbox 421 869 530 932; x_wconf 88' lang='lat' dir='ltr'><strong>lectuli</strong></span> <span class='ocrx_word' id='word_1_22' title='bbox 552 868 688 933; x_wconf 85' lang='lat' dir='ltr'><strong>calentis</strong></span> 
     </span>
     <span class='ocr_line' id='line_1_6' title="bbox 143 956 736 1040; baseline 0.002 -20"><span class='ocrx_word' id='word_1_23' title='bbox 143 956 320 1040; x_wconf 83' lang='lat' dir='ltr'>Expertum</span> <span class='ocrx_word' id='word_1_24' title='bbox 343 957 492 1021; x_wconf 78' lang='lat' dir='ltr'><strong>meminit</strong></span> <span class='ocrx_word' id='word_1_25' title='bbox 514 956 566 1019; x_wconf 88' lang='lat' dir='ltr'><strong>die</strong></span> <span class='ocrx_word' id='word_1_26' title='bbox 587 957 640 1020; x_wconf 82' lang='lat' dir='ltr'><strong>vel</strong></span> <span class='ocrx_word' id='word_1_27' title='bbox 661 977 736 1021; x_wconf 87' lang='lat' dir='ltr'><strong>uno.</strong></span> 
     </span>
     <span class='ocr_line' id='line_1_7' title="bbox 115 1043 780 1130; baseline 0 -22"><span class='ocrx_word' id='word_1_28' title='bbox 115 1043 294 1109; x_wconf 72' lang='lat' dir='ltr'><strong>sostendit</strong></span> <span class='ocrx_word' id='word_1_29' title='bbox 316 1045 468 1130; x_wconf 76' lang='lat' dir='ltr'><strong>digitum,</strong></span> <span class='ocrx_word' id='word_1_30' title='bbox 491 1044 548 1108; x_wconf 88' lang='lat' dir='ltr'><strong>sed</strong></span> <span class='ocrx_word' id='word_1_31' title='bbox 569 1044 780 1127; x_wconf 87' lang='lat' dir='ltr'><strong>impudicum,</strong></span> 
     </span>
     <span class='ocr_line' id='line_1_8' title="bbox 0 1131 754 1221; baseline 0.001 -25"><span class='ocrx_word' id='word_1_32' title='bbox 0 1197 5 1221; x_wconf 49' lang='lat'>‚</span> <span class='ocrx_word' id='word_1_33' title='bbox 31 1136 34 1141; x_wconf 74' lang='grc'>’</span> <span class='ocrx_word' id='word_1_34' title='bbox 141 1131 275 1197; x_wconf 81' lang='lat' dir='ltr'><strong>Alconti</strong></span> <span class='ocrx_word' id='word_1_35' title='bbox 297 1131 462 1217; x_wconf 82' lang='lat' dir='ltr'>Dasioque</span> <span class='ocrx_word' id='word_1_36' title='bbox 485 1131 754 1216; x_wconf 83' lang='lat' dir='ltr'><strong>Symmachoque.</strong></span> 
     </span>
     <span class='ocr_line' id='line_1_9' title="bbox 42 1220 766 1305; baseline 0 -21"><span class='ocrx_word' id='word_1_37' title='bbox 42 1250 51 1263; x_wconf 85' lang='lat'><strong>··</strong></span> <span class='ocrx_word' id='word_1_38' title='bbox 142 1220 188 1285; x_wconf 85' lang='lat' dir='ltr'><strong>At</strong></span> <span class='ocrx_word' id='word_1_39' title='bbox 208 1221 314 1284; x_wconf 80' lang='lat' dir='ltr'><strong>nostri</strong></span> <span class='ocrx_word' id='word_1_40' title='bbox 335 1221 418 1285; x_wconf 90' lang='lat' dir='ltr'><strong>bene</strong></span> <span class='ocrx_word' id='word_1_41' title='bbox 440 1224 668 1305; x_wconf 89' lang='lat' dir='ltr'><strong>computentur</strong></span> <span class='ocrx_word' id='word_1_42' title='bbox 690 1221 766 1284; x_wconf 88' lang='lat' dir='ltr'><strong>anni</strong></span> 
     </span>
     <span class='ocr_line' id='line_1_10' title="bbox 140 1308 777 1392; baseline 0 -21"><span class='ocrx_word' id='word_1_43' title='bbox 140 1308 187 1373; x_wconf 83' lang='lat' dir='ltr'><strong>Et</strong></span> <span class='ocrx_word' id='word_1_44' title='bbox 210 1312 366 1392; x_wconf 89' lang='lat' dir='ltr'><strong>quantum</strong></span> <span class='ocrx_word' id='word_1_45' title='bbox 389 1310 523 1373; x_wconf 78' lang='lat' dir='ltr'><strong>tetricae</strong></span> <span class='ocrx_word' id='word_1_46' title='bbox 545 1309 649 1373; x_wconf 89' lang='lat' dir='ltr'><strong>tulere</strong></span> <span class='ocrx_word' id='word_1_47' title='bbox 671 1308 777 1372; x_wconf 89' lang='lat' dir='ltr'><strong>febres</strong></span> 
     </span>
     <span class='ocr_line' id='line_1_11' title="bbox 140 1396 848 1482; baseline 0 -22"><span class='ocrx_word' id='word_1_48' title='bbox 140 1398 209 1460; x_wconf 86' lang='lat' dir='ltr'><strong>Aut</strong></span> <span class='ocrx_word' id='word_1_49' title='bbox 229 1396 369 1482; x_wconf 78' lang='lat' dir='ltr'><strong>languor</strong></span> <span class='ocrx_word' id='word_1_50' title='bbox 391 1397 501 1482; x_wconf 80' lang='lat' dir='ltr'><strong>gravis</strong></span> <span class='ocrx_word' id='word_1_51' title='bbox 525 1401 582 1462; x_wconf 91' lang='lat' dir='ltr'><strong>aut</strong></span> <span class='ocrx_word' id='word_1_52' title='bbox 604 1397 684 1461; x_wconf 89' lang='lat' dir='ltr'><strong>mali</strong></span> <span class='ocrx_word' id='word_1_53' title='bbox 707 1396 848 1480; x_wconf 88' lang='lat' dir='ltr'><strong>dolores,</strong></span> 
     </span>
     <span class='ocr_line' id='line_1_12' title="bbox 98 1483 644 1569; baseline 0.002 -22"><span class='ocrx_word' id='word_1_54' title='bbox 98 1483 171 1548; x_wconf 83' lang='grc' dir='ltr'><strong>1οΑ</strong></span> <span class='ocrx_word' id='word_1_55' title='bbox 193 1484 263 1548; x_wconf 84' lang='lat' dir='ltr'><strong>vita</strong></span> <span class='ocrx_word' id='word_1_56' title='bbox 285 1485 419 1549; x_wconf 89' lang='lat' dir='ltr'><strong>meliore</strong></span> <span class='ocrx_word' id='word_1_57' title='bbox 442 1490 644 1569; x_wconf 81' lang='lat' dir='ltr'><strong>separentur:</strong></span> 
     </span>
     <span class='ocr_line' id='line_1_13' title="bbox 140 1571 779 1654; baseline 0.003 -19"><span class='ocrx_word' id='word_1_58' title='bbox 140 1571 285 1636; x_wconf 85' lang='lat' dir='ltr'><strong>Infantes</strong></span> <span class='ocrx_word' id='word_1_59' title='bbox 308 1594 432 1654; x_wconf 81' lang='lat' dir='ltr'><strong>sumna,</strong></span> <span class='ocrx_word' id='word_1_60' title='bbox 455 1577 489 1638; x_wconf 92' lang='lat' dir='ltr'><strong>et</strong></span> <span class='ocrx_word' id='word_1_61' title='bbox 510 1595 602 1638; x_wconf 88' lang='lat' dir='ltr'><strong>senes</strong></span> <span class='ocrx_word' id='word_1_62' title='bbox 624 1573 779 1638; x_wconf 80' lang='lat' dir='ltr'><strong>ridemur.</strong></span> 
     </span>
     <span class='ocr_line' id='line_1_14' title="bbox 140 1660 732 1745; baseline 0.002 -22"><span class='ocrx_word' id='word_1_63' title='bbox 140 1660 293 1725; x_wconf 83' lang='lat' dir='ltr'><strong>Aetatem</strong></span> <span class='ocrx_word' id='word_1_64' title='bbox 315 1660 499 1745; x_wconf 87' lang='lat' dir='ltr'><strong>Priamique</strong></span> <span class='ocrx_word' id='word_1_65' title='bbox 521 1660 732 1745; x_wconf 85' lang='lat' dir='ltr'><strong>Nestorisque</strong></span> 
     </span>
     <span class='ocr_line' id='line_1_15' title="bbox 140 1747 787 1833; baseline 0.002 -21"><span class='ocrx_word' id='word_1_66' title='bbox 140 1747 288 1832; x_wconf 83' lang='lat' dir='ltr'><strong>Longam</strong></span> <span class='ocrx_word' id='word_1_67' title='bbox 311 1750 366 1832; x_wconf 90' lang='lat' dir='ltr'><strong>qui</strong></span> <span class='ocrx_word' id='word_1_68' title='bbox 390 1754 483 1831; x_wconf 90' lang='lat' dir='ltr'><strong>putat</strong></span> <span class='ocrx_word' id='word_1_69' title='bbox 505 1772 588 1831; x_wconf 88' lang='lat' dir='ltr'><strong>esse,</strong></span> <span class='ocrx_word' id='word_1_70' title='bbox 610 1747 787 1833; x_wconf 83' lang='lat' dir='ltr'><strong>Marciaue,</strong></span> 
     </span>
     <span class='ocr_line' id='line_1_16' title="bbox 140 1835 747 1921; baseline 0.002 -22"><span class='ocrx_word' id='word_1_71' title='bbox 140 1835 281 1900; x_wconf 86' lang='lat' dir='ltr'><strong>Multum</strong></span> <span class='ocrx_word' id='word_1_72' title='bbox 305 1837 525 1921; x_wconf 84' lang='lat' dir='ltr'><strong>decipiturque</strong></span> <span class='ocrx_word' id='word_1_73' title='bbox 547 1837 747 1920; x_wconf 89' lang='lat' dir='ltr'><strong>falliturque.</strong></span> 
     </span>
     <span class='ocr_line' id='line_1_17' title="bbox 99 1923 740 2008; baseline 0.006 -21"><span class='ocrx_word' id='word_1_74' title='bbox 99 1923 217 1989; x_wconf 78' lang='lat' dir='ltr'><strong>aNon</strong></span> <span class='ocrx_word' id='word_1_75' title='bbox 239 1928 289 1988; x_wconf 88' lang='lat' dir='ltr'><strong>est</strong></span> <span class='ocrx_word' id='word_1_76' title='bbox 310 1924 431 2008; x_wconf 82' lang='lat' dir='ltr'><strong>vivere,</strong></span> <span class='ocrx_word' id='word_1_77' title='bbox 454 1926 510 1990; x_wconf 90' lang='lat' dir='ltr'><strong>sed</strong></span> <span class='ocrx_word' id='word_1_78' title='bbox 532 1927 640 1990; x_wconf 84' lang='lat' dir='ltr'><strong>valere</strong></span> <span class='ocrx_word' id='word_1_79' title='bbox 662 1925 740 1991; x_wconf 84' lang='lat' dir='ltr'><strong>vita.</strong></span> 
     </span>
    </p>
   </div>
   <div class='ocr_carea' id='block_1_3' title="bbox 544 2074 656 2139">
    <p class='ocr_par' dir='ltr' id='par_1_3' title="bbox 544 2074 656 2139">
     <span class='ocr_line' id='line_1_18' title="bbox 544 2074 656 2139; baseline 0 0"><span class='ocrx_word' id='word_1_80' title='bbox 544 2074 656 2139; x_wconf 82' lang='lat' dir='ltr'>LXXI.</span> 
     </span>
    </p>
   </div>
   <div class='ocr_carea' id='block_1_4' title="bbox 140 2162 946 2334">
    <p class='ocr_par' dir='ltr' id='par_1_4' title="bbox 140 2162 946 2334">
     <span class='ocr_line' id='line_1_19' title="bbox 140 2162 946 2249; baseline 0.002 -23"><span class='ocrx_word' id='word_1_81' title='bbox 140 2162 244 2227; x_wconf 83' lang='lat' dir='ltr'><strong>Edere</strong></span> <span class='ocrx_word' id='word_1_82' title='bbox 265 2163 405 2228; x_wconf 84' lang='lat' dir='ltr'><strong>lascivos</strong></span> <span class='ocrx_word' id='word_1_83' title='bbox 429 2163 470 2228; x_wconf 91' lang='lat' dir='ltr'><strong>ad</strong></span> <span class='ocrx_word' id='word_1_84' title='bbox 491 2162 625 2229; x_wconf 90' lang='lat' dir='ltr'><strong>Baetica</strong></span> <span class='ocrx_word' id='word_1_85' title='bbox 648 2167 811 2229; x_wconf 87' lang='lat' dir='ltr'><strong>crusmata</strong></span> <span class='ocrx_word' id='word_1_86' title='bbox 834 2167 946 2249; x_wconf 83' lang='lat' dir='ltr'><strong>gestus</strong></span> 
     </span>
     <span class='ocr_line' id='line_1_20' title="bbox 183 2250 814 2334; baseline 0 -19"><span class='ocrx_word' id='word_1_87' title='bbox 183 2251 230 2315; x_wconf 83' lang='lat' dir='ltr'><strong>Et</strong></span> <span class='ocrx_word' id='word_1_88' title='bbox 252 2250 421 2316; x_wconf 81' lang='lat' dir='ltr'><strong>Gaditanis</strong></span> <span class='ocrx_word' id='word_1_89' title='bbox 445 2252 554 2316; x_wconf 88' lang='lat' dir='ltr'><strong>ludere</strong></span> <span class='ocrx_word' id='word_1_90' title='bbox 577 2253 673 2317; x_wconf 89' lang='lat' dir='ltr'><strong>docta</strong></span> <span class='ocrx_word' id='word_1_91' title='bbox 696 2252 814 2334; x_wconf 87' lang='lat' dir='ltr'><strong>modis,</strong></span> 
     </span>
    </p>
   </div>
   <div class='ocr_carea' id='block_1_5' title="bbox 113 2339 1098 2692">
    <p class='ocr_par' dir='ltr' id='par_1_5' title="bbox 113 2339 1098 2692">
     <span class='ocr_line' id='line_1_21' title="bbox 140 2339 1098 2425; baseline 0.003 -22"><span class='ocrx_word' id='word_1_92' title='bbox 140 2339 283 2404; x_wconf 83' lang='lat' dir='ltr'><strong>Tendere</strong></span> <span class='ocrx_word' id='word_1_93' title='bbox 299 2363 381 2424; x_wconf 91' lang='lat' dir='ltr'><strong>quae</strong></span> <span class='ocrx_word' id='word_1_94' title='bbox 399 2341 573 2406; x_wconf 91' lang='lat' dir='ltr'><strong>tremulum</strong></span> <span class='ocrx_word' id='word_1_95' title='bbox 587 2340 701 2405; x_wconf 89' lang='lat' dir='ltr'><strong>Pelian</strong></span> <span class='ocrx_word' id='word_1_96' title='bbox 714 2339 929 2425; x_wconf 84' lang='lat' dir='ltr'><strong>Hecubaeque</strong></span> <span class='ocrx_word' id='word_1_97' title='bbox 947 2343 1098 2406; x_wconf 86' lang='lat' dir='ltr'><strong>maritum</strong></span> 
     </span>
     <span class='ocr_line' id='line_1_22' title="bbox 183 2426 1081 2514; baseline 0.002 -22"><span class='ocrx_word' id='word_1_98' title='bbox 183 2427 298 2493; x_wconf 86' lang='lat' dir='ltr'><strong>Posset</strong></span> <span class='ocrx_word' id='word_1_99' title='bbox 321 2429 363 2493; x_wconf 89' lang='lat' dir='ltr'><strong>ad</strong></span> <span class='ocrx_word' id='word_1_100' title='bbox 384 2429 563 2495; x_wconf 87' lang='lat' dir='ltr'><strong>Hectoreos</strong></span> <span class='ocrx_word' id='word_1_101' title='bbox 587 2429 762 2494; x_wconf 91' lang='lat' dir='ltr'><strong>sollicitare</strong></span> <span class='ocrx_word' id='word_1_102' title='bbox 785 2450 899 2514; x_wconf 84' lang='lat' dir='ltr'><strong>rogos,</strong></span> <span class='ocrx_word' id='word_1_103' title='bbox 1079 2426 1081 2430; x_wconf 68' lang='grc'><strong>’</strong></span> 
     </span>
     <span class='ocr_line' id='line_1_23' title="bbox 113 2514 1017 2600; baseline 0.002 -20"><span class='ocrx_word' id='word_1_104' title='bbox 113 2514 214 2580; x_wconf 78' lang='lat' dir='ltr'><strong>oUrit</strong></span> <span class='ocrx_word' id='word_1_105' title='bbox 237 2521 269 2581; x_wconf 90' lang='lat' dir='ltr'><strong>et</strong></span> <span class='ocrx_word' id='word_1_106' title='bbox 292 2517 452 2583; x_wconf 85' lang='lat' dir='ltr'><strong>excruciat</strong></span> <span class='ocrx_word' id='word_1_107' title='bbox 475 2518 640 2582; x_wconf 92' lang='lat' dir='ltr'><strong>dominum</strong></span> <span class='ocrx_word' id='word_1_108' title='bbox 663 2516 839 2581; x_wconf 86' lang='lat' dir='ltr'><strong>Telethusa</strong></span> <span class='ocrx_word' id='word_1_109' title='bbox 861 2517 1017 2600; x_wconf 87' lang='lat' dir='ltr'><strong>priorem:</strong></span> 
     </span>
     <span class='ocr_line' id='line_1_24' title="bbox 182 2603 986 2692; baseline 0.002 -23"><span class='ocrx_word' id='word_1_110' title='bbox 182 2603 340 2669; x_wconf 85' lang='lat' dir='ltr'><strong>Vendidit</strong></span> <span class='ocrx_word' id='word_1_111' title='bbox 363 2606 530 2692; x_wconf 83' lang='lat' dir='ltr'><strong>ancillam,</strong></span> <span class='ocrx_word' id='word_1_112' title='bbox 552 2628 637 2670; x_wconf 92' lang='lat' dir='ltr'><strong>nunc</strong></span> <span class='ocrx_word' id='word_1_113' title='bbox 660 2605 791 2669; x_wconf 88' lang='lat' dir='ltr'><strong>redimit</strong></span> <span class='ocrx_word' id='word_1_114' title='bbox 814 2606 986 2671; x_wconf 90' lang='lat' dir='ltr'><strong>dominam.</strong></span> 
     </span>
    </p>
   </div>
   <div class='ocr_carea' id='block_1_6' title="bbox 113 2755 802 3368">
    <p class='ocr_par' dir='ltr' id='par_1_6' title="bbox 113 2755 802 3368">
     <span class='ocr_line' id='line_1_25' title="bbox 534 2755 663 2820; baseline 0 0"><span class='ocrx_word' id='word_1_115' title='bbox 534 2755 663 2820; x_wconf 85' lang='lat' dir='ltr'>LXXII.</span> 
     </span>
     <span class='ocr_line' id='line_1_26' title="bbox 140 2840 695 2927; baseline 0.005 -23"><span class='ocrx_word' id='word_1_116' title='bbox 140 2840 205 2904; x_wconf 85' lang='lat' dir='ltr'><strong>Fur</strong></span> <span class='ocrx_word' id='word_1_117' title='bbox 226 2844 324 2905; x_wconf 91' lang='lat' dir='ltr'><strong>notae</strong></span> <span class='ocrx_word' id='word_1_118' title='bbox 347 2842 482 2906; x_wconf 88' lang='lat' dir='ltr'><strong>nimium</strong></span> <span class='ocrx_word' id='word_1_119' title='bbox 505 2844 695 2927; x_wconf 87' lang='lat' dir='ltr'><strong>rapacitatis</strong></span> 
     </span>
     <span class='ocr_line' id='line_1_27' title="bbox 140 2927 753 3017; baseline 0.005 -24"><span class='ocrx_word' id='word_1_120' title='bbox 140 2927 323 3012; x_wconf 89' lang='lat' dir='ltr'><strong>Compilare</strong></span> <span class='ocrx_word' id='word_1_121' title='bbox 348 2928 431 2994; x_wconf 83' lang='lat' dir='ltr'><strong>Cilix</strong></span> <span class='ocrx_word' id='word_1_122' title='bbox 454 2931 586 2995; x_wconf 87' lang='lat' dir='ltr'><strong>volebat</strong></span> <span class='ocrx_word' id='word_1_123' title='bbox 608 2933 753 3017; x_wconf 87' lang='lat' dir='ltr'><strong>hortum,</strong></span> 
     </span>
     <span class='ocr_line' id='line_1_28' title="bbox 139 3015 799 3102; baseline 0.011 -24"><span class='ocrx_word' id='word_1_124' title='bbox 139 3015 269 3100; x_wconf 80' lang='lat' dir='ltr'><strong>ingenti</strong></span> <span class='ocrx_word' id='word_1_125' title='bbox 293 3017 349 3080; x_wconf 87' lang='lat' dir='ltr'><strong>sed</strong></span> <span class='ocrx_word' id='word_1_126' title='bbox 372 3022 453 3101; x_wconf 87' lang='lat' dir='ltr'><strong>erat,</strong></span> <span class='ocrx_word' id='word_1_127' title='bbox 476 3016 622 3102; x_wconf 87' lang='lat' dir='ltr'><strong>Fabulle,</strong></span> <span class='ocrx_word' id='word_1_128' title='bbox 646 3022 680 3083; x_wconf 92' lang='lat' dir='ltr'><strong>in</strong></span> <span class='ocrx_word' id='word_1_129' title='bbox 702 3022 799 3086; x_wconf 92' lang='lat' dir='ltr'><strong>horto</strong></span> 
     </span>
     <span class='ocr_line' id='line_1_29' title="bbox 139 3104 802 3191; baseline 0.011 -24"><span class='ocrx_word' id='word_1_130' title='bbox 139 3104 272 3168; x_wconf 87' lang='lat' dir='ltr'><strong>Praeter</strong></span> <span class='ocrx_word' id='word_1_131' title='bbox 295 3127 510 3169; x_wconf 89' lang='lat' dir='ltr'><strong>marmoreum</strong></span> <span class='ocrx_word' id='word_1_132' title='bbox 533 3108 616 3171; x_wconf 93' lang='lat' dir='ltr'><strong>nihil</strong></span> <span class='ocrx_word' id='word_1_133' title='bbox 639 3107 802 3191; x_wconf 90' lang='lat' dir='ltr'><strong>Priapum.</strong></span> 
     </span>
     <span class='ocr_line' id='line_1_30' title="bbox 113 3191 789 3279; baseline 0.007 -23"><span class='ocrx_word' id='word_1_134' title='bbox 113 3191 225 3256; x_wconf 82' lang='lat' dir='ltr'><strong>oDum</strong></span> <span class='ocrx_word' id='word_1_135' title='bbox 248 3214 313 3256; x_wconf 92' lang='lat' dir='ltr'><strong>non</strong></span> <span class='ocrx_word' id='word_1_136' title='bbox 335 3195 405 3257; x_wconf 86' lang='lat' dir='ltr'><strong>vult</strong></span> <span class='ocrx_word' id='word_1_137' title='bbox 428 3217 529 3258; x_wconf 83' lang='lat' dir='ltr'><strong>vacua</strong></span> <span class='ocrx_word' id='word_1_138' title='bbox 552 3218 649 3260; x_wconf 90' lang='lat' dir='ltr'><strong>manu</strong></span> <span class='ocrx_word' id='word_1_139' title='bbox 671 3197 789 3279; x_wconf 84' lang='lat' dir='ltr'><strong>redire,</strong></span> 
     </span>
     <span class='ocr_line' id='line_1_31' title="bbox 138 3279 723 3368; baseline 0.01 -25"><span class='ocrx_word' id='word_1_140' title='bbox 138 3279 250 3364; x_wconf 87' lang='lat' dir='ltr'><strong>Ipsum</strong></span> <span class='ocrx_word' id='word_1_141' title='bbox 273 3280 429 3365; x_wconf 90' lang='lat' dir='ltr'><strong>surripuit</strong></span> <span class='ocrx_word' id='word_1_142' title='bbox 453 3280 537 3346; x_wconf 81' lang='lat' dir='ltr'><strong>Cilix</strong></span> <span class='ocrx_word' id='word_1_143' title='bbox 559 3282 723 3368; x_wconf 84' lang='lat' dir='ltr'><strong>Priapum</strong></span> 
     </span>
    </p>
   </div>
   <div class='ocr_carea' id='block_1_7' title="bbox 523 3423 669 3488">
    <p class='ocr_par' dir='ltr' id='par_1_7' title="bbox 523 3423 669 3488">
     <span class='ocr_line' id='line_1_32' title="bbox 523 3423 669 3488; baseline 0 0"><span class='ocrx_word' id='word_1_144' title='bbox 523 3423 669 3488; x_wconf 88' lang='lat' dir='ltr'>LXXIII.</span> 
     </span>
    </p>
   </div>
   <div class='ocr_carea' id='block_1_8' title="bbox 137 3506 1011 3777">
    <p class='ocr_par' dir='ltr' id='par_1_8' title="bbox 137 3506 1011 3777">
     <span class='ocr_line' id='line_1_33' title="bbox 137 3506 927 3580; baseline 0.01 -8"><span class='ocrx_word' id='word_1_145' title='bbox 137 3506 213 3572; x_wconf 92' lang='lat' dir='ltr'><strong>Non</strong></span> <span class='ocrx_word' id='word_1_146' title='bbox 236 3509 325 3573; x_wconf 87' lang='lat' dir='ltr'><strong>rudis</strong></span> <span class='ocrx_word' id='word_1_147' title='bbox 348 3510 477 3576; x_wconf 88' lang='lat' dir='ltr'><strong>indocta</strong></span> <span class='ocrx_word' id='word_1_148' title='bbox 499 3511 577 3578; x_wconf 85' lang='lat' dir='ltr'><strong>fecit</strong></span> <span class='ocrx_word' id='word_1_149' title='bbox 600 3535 651 3577; x_wconf 90' lang='lat' dir='ltr'><strong>me</strong></span> <span class='ocrx_word' id='word_1_150' title='bbox 673 3512 756 3579; x_wconf 87' lang='lat' dir='ltr'><strong>falce</strong></span> <span class='ocrx_word' id='word_1_151' title='bbox 780 3515 927 3580; x_wconf 86' lang='lat' dir='ltr'><strong>colonus:</strong></span> 
     </span>
     <span class='ocr_line' id='line_1_34' title="bbox 181 3596 799 3687; baseline 0.013 -27"><span class='ocrx_word' id='word_1_152' title='bbox 181 3596 425 3683; x_wconf 85' lang='lat' dir='ltr'><strong>Dispensatoris</strong></span> <span class='ocrx_word' id='word_1_153' title='bbox 447 3601 556 3665; x_wconf 88' lang='lat' dir='ltr'><strong>nobile</strong></span> <span class='ocrx_word' id='word_1_154' title='bbox 580 3602 683 3666; x_wconf 88' lang='lat' dir='ltr'><strong>cernis</strong></span> <span class='ocrx_word' id='word_1_155' title='bbox 708 3625 799 3687; x_wconf 80' lang='lat' dir='ltr'><strong>opus,</strong></span> 
     </span>
     <span class='ocr_line' id='line_1_35' title="bbox 138 3683 1011 3777; baseline 0.01 -28"><span class='ocrx_word' id='word_1_156' title='bbox 138 3683 223 3750; x_wconf 90' lang='lat' dir='ltr'><strong>Nam</strong></span> <span class='ocrx_word' id='word_1_157' title='bbox 247 3684 418 3752; x_wconf 76' lang='lat' dir='ltr'><strong>Caeretani</strong></span> <span class='ocrx_word' id='word_1_158' title='bbox 441 3690 546 3754; x_wconf 88' lang='lat' dir='ltr'><strong>cultor</strong></span> <span class='ocrx_word' id='word_1_159' title='bbox 568 3690 757 3756; x_wconf 86' lang='lat' dir='ltr'><strong>notissimus</strong></span> <span class='ocrx_word' id='word_1_160' title='bbox 782 3692 854 3777; x_wconf 82' lang='lat' dir='ltr'><strong>agri</strong></span> <span class='ocrx_word' id='word_1_161' title='bbox 1006 3754 1011 3769; x_wconf 83' lang='grc'><em>,</em></span> 
     </span>
    </p>
   </div>
   <div class='ocr_carea' id='block_1_9' title="bbox 173 3773 1065 3887">
    <p class='ocr_par' dir='ltr' id='par_1_9' title="bbox 173 3773 1065 3887">
     <span class='ocr_line' id='line_1_36' title="bbox 173 3773 1065 3887; baseline 0.017 -50"><span class='ocrx_word' id='word_1_162' title='bbox 173 3774 248 3840; x_wconf 89' lang='lat' dir='ltr'><strong>Hos</strong></span> <span class='ocrx_word' id='word_1_163' title='bbox 267 3773 406 3843; x_wconf 87' lang='lat' dir='ltr'><strong>Hilarus</strong></span> <span class='ocrx_word' id='word_1_164' title='bbox 430 3778 529 3845; x_wconf 88' lang='lat' dir='ltr'><strong>colles</strong></span> <span class='ocrx_word' id='word_1_165' title='bbox 553 3782 586 3844; x_wconf 88' lang='lat' dir='ltr'><strong>et</strong></span> <span class='ocrx_word' id='word_1_166' title='bbox 608 3779 685 3863; x_wconf 77' lang='lat' dir='ltr'><strong>iuga</strong></span> <span class='ocrx_word' id='word_1_167' title='bbox 707 3779 796 3846; x_wconf 87' lang='lat' dir='ltr'><strong>laeta</strong></span> <span class='ocrx_word' id='word_1_168' title='bbox 817 3774 1065 3887; x_wconf 58' lang='lat' dir='ltr'><strong>teum</strong></span> 
     </span>
    </p>
   </div>
   <div class='ocr_carea' id='block_1_10' title="bbox 0 0 1208 4132">
    <p class='ocr_par' dir='ltr' id='par_1_10' title="bbox 0 0 1208 4132">
     <span class='ocr_line' id='line_1_37' title="bbox 0 0 1208 4132; baseline 0 3"><span class='ocrx_word' id='word_1_169' title='bbox 0 0 1208 4132; x_wconf 95' lang='lat' dir='ltr'><strong> </strong></span> 
     </span>
    </p>
   </div>
  </div>
 </body>
</html>
