2408 4132
371 432 666 489 EPIGRAMMATON
683 435 750 490 LIB.
769 435 828 492 XII.
953 464 955 470 ·

144 597 236 674 Quod
257 618 323 662 non
347 618 367 660 a
388 596 494 680 prima
517 595 694 660 discurram
716 597 786 661 luce
808 598 1001 681 perurbem

186 686 231 749 Et
254 684 392 748 referam
414 684 520 749 lassus
543 684 636 748 basia
658 685 748 749 mille
771 685 911 750 domum.

116 772 206 838 oded
229 777 278 856 tu,
301 772 470 856 purpureis
492 776 530 836 ut
553 772 608 836 des
630 794 715 838 nova
735 774 868 838 nomina
890 774 984 839 fastis

185 861 254 926 Aut
275 860 459 927 Nomadum
482 864 594 946 gentes
619 858 884 946 Cappadocumve
906 884 1015 949 regas:

141 950 188 1014 At
211 950 307 1032 mihi,
328 970 421 1032 quem
445 950 535 1033 cogis
558 948 680 1013 medios
704 950 894 1034 abrumpere
917 972 1047 1016 somnos

185 1038 230 1102 Et
253 1037 449 1102 matutinum
470 1036 555 1101 ferre
578 1037 709 1121 patique
732 1039 851 1122 lutum,

143 1127 225 1202 Quid
247 1125 391 1210 petitur?
427 1123 538 1208 Rupta
561 1146 634 1189 oum
656 1148 713 1210 pes
735 1146 838 1210 vagus
861 1126 928 1190 exit
949 1127 1052 1204 aluta,

99 1232 131 1282 10
186 1214 231 1278 Ht
254 1214 381 1278 subItus
404 1234 530 1277 crassae
553 1213 672 1278 decidit
692 1214 796 1278 imber
819 1236 920 1298 aquae

140 1303 208 1368 Nee
231 1303 320 1367 venit
342 1301 459 1365 ablatis
483 1302 641 1366 clamatus
663 1324 761 1366 verna
784 1302 934 1386 lacerniS,

186 1389 319 1455 Accedit
342 1388 482 1474 gelidam
505 1410 616 1454 serras
640 1390 680 1453 ad
703 1390 892 1475 auriculam,

140 1479 185 1542 Et
206 1478 333 1564 „Rogat
354 1481 392 1541 ut
414 1498 523 1541 secum
546 1499 639 1542 cenes
661 1477 853 1543 Laetorius“
874 1479 988 1564 inquit.

185 1566 313 1652 Viginti
334 1564 497 1630 nummis?
520 1587 584 1630 non
608 1587 683 1652 ego:
706 1568 792 1631 malo
814 1566 949 1649 famem,

98 1655 246 1733 1tQuam
270 1656 314 1719 sIt
336 1675 415 1718 cena
437 1652 531 1738 mihi,
552 1653 616 1718 tibi
638 1654 682 1718 sit
704 1655 870 1739 provincia
892 1676 1027 1734 meroes,

184 1745 230 1809 Ilt
252 1743 407 1807 faciamus
430 1740 516 1805 idem
538 1764 597 1807 nec
620 1764 805 1813 mereamur
821 1744 914 1808 idem.

531 1872 666 1940 XXVII.

140 1977 170 2039 A
192 1972 374 2037 latronibus
398 1992 467 2034 esse
490 1972 523 2032 te
546 1970 686 2047 fututam

139 2062 242 2144 Dicis,
266 2059 393 2126 Saenia:
417 2057 473 2122 sed
495 2063 617 2144 negant
638 2060 790 2127 latrones.

139 2300 221 2365 Poto
246 2320 306 2385 ego
330 2304 508 2377 sextantes,
524 2199 699 2382 ididia,
723 2295 839 2380 Cinna,
862 2297 1011 2364 deunces:

183 2389 228 2453 Et
251 2390 394 2471 quereris
419 2390 505 2475 quod
526 2407 604 2469 non,
628 2383 743 2471 Cinna,
767 2387 914 2451 bibamus
937 2386 1045 2451 idem?

538 2525 655 2592 XXIX.

139 2626 361 2710 Hermogenes
384 2630 497 2691 tantus
520 2646 724 2709 mapparum,
747 2623 770 2707 †
791 2623 936 2706 Pontice,
958 2623 1010 2688 fur
1034 2630 1096 2708 est,

184 2714 329 2789 Quantus
351 2736 556 2780 nummorum
577 2715 645 2796 vix,
667 2714 759 2796 puto,
780 2710 890 2776 Massa
911 2711 986 2796 fult,

139 2804 188 2867 Tu
210 2803 287 2867 licet
310 2805 461 2869 observes
485 2802 630 2867 dextram
652 2805 825 2885 teneasque
849 2799 1028 2885 sinistram,

182 2890 341 2976 Inveniet,
364 2913 517 2977 mappam
540 2912 604 2974 qua
625 2889 750 2954 ratione
773 2887 896 2953 trahat:

112 2978 293 3047 oCerrinus
316 2980 458 3066 gelidum
480 2980 591 3045 sorbet
613 2978 659 3043 sic
680 2978 801 3042 balitus
825 2998 978 3063 anguem,

182 3067 320 3132 Casuras
344 3069 420 3133 alte*
433 3068 479 3134 sio
502 3067 589 3152 rapit
609 3066 671 3130 Iris
696 3089 807 3151 aquas.
839 3134 842 3141 ,

138 3155 250 3239 Nuper
273 3179 344 3221 eum
367 3156 495 3240 Myrmo
518 3159 682 3241 peteretur
705 3155 816 3219 missio
839 3156 943 3238 laeso,

182 3243 341 3309 Subduxit
364 3267 499 3328 mappas
522 3247 675 3328 quattuor
695 3242 931 3328 Hermogenes,

139 3331 305 3398 Cretatam
329 3337 459 3417 praetor
482 3355 554 3398 cum
576 3332 676 3397 vellet
698 3331 828 3395 mittere
851 3351 1016 3414 mappam,

94 3440 127 3488 10
183 3422 330 3486 Praetori
352 3443 505 3504 mappam
527 3420 654 3505 surpuit
676 3419 905 3503 Hermogenes.

137 3511 304 3575 Attulerat
326 3531 477 3595 mappam
500 3530 608 3592 nemo,
630 3509 705 3572 dum
727 3507 817 3571 furta
838 3506 1006 3571 timentur:

180 3599 315 3663 Mantile
340 3620 356 3662 e
380 3620 491 3662 mensa
515 3596 640 3681 surpuit
661 3596 891 3680 Hermogenes.

136 3687 209 3752 Hoc
232 3708 358 3771 quoque
382 3687 411 3751 si
434 3686 547 3769 deerit,
570 3684 693 3750 medios
717 3683 897 3770 discingere
919 3683 1023 3748 lectos

180 3775 429 3859 Mensarumque
451 3773 549 3858 pedes
571 3796 638 3840 non
659 3773 757 3838 timet
775 3771 1022 3856 Hermogenes.

140 3889 221 3927 Maur.
926 3878 967 3926 Ἦ
