2408 4132
123 483 189 548 294
448 482 487 538 M.
505 481 586 537 VAL.
606 481 803 537 MARTIALIS

577 642 676 709 XLV.

165 740 313 807 Haedina
335 741 397 805 tibi
420 741 504 824 pelle
528 741 713 827 contegenti

166 828 280 894 Nudae
302 833 449 912 tempora
472 830 687 912 verticemque
711 829 834 912 calvae,

165 916 294 983 Festive
317 918 392 1001 tibi,
414 917 556 1000 Phoebe,
580 918 661 980 dixit
683 917 752 1000 ille,

167 1006 231 1084 Qui
252 1006 335 1070 dixit
358 1010 455 1090 eaput
478 1026 548 1070 esse
571 1005 753 1070 calciatum.

567 1144 682 1211 XLVI.

167 1241 321 1307 Vendunt
344 1243 487 1308 earmina
510 1241 624 1307 Gallus
648 1246 681 1307 et
702 1241 877 1326 Lupercus.

168 1329 284 1415 Sanos,
307 1329 464 1416 Classico,
485 1353 569 1396 nuno
591 1352 676 1417 nega
697 1335 821 1416 poetas.

557 1480 688 1546 XLVII.

142 1577 320 1647 ⁴Difficilis
343 1577 463 1661 facilis,
485 1577 640 1642 iuovmdus
665 1576 798 1642 acerbus
822 1598 855 1640 es
878 1576 981 1642 idem:

212 1665 280 1731 Neo
303 1669 410 1731 tecum
433 1687 566 1750 possum
588 1667 710 1750 vivere,
733 1687 792 1730 neo
816 1666 884 1729 sine
907 1668 950 1730 te.

553 1804 702 1871 XLVIII.

168 1901 303 1967 Boletos
326 1907 359 1968 et
382 1924 497 1987 aprum
521 1903 549 1967 si
571 1906 724 1987 tanquam
747 1903 826 1968 vilia
847 1903 941 1989 ponis

213 1991 258 2054 Et
280 2013 347 2068 non
370 2013 439 2056 esse
462 1994 558 2076 putas
581 1991 661 2055 haee
684 2013 757 2057 mea
778 1995 868 2074 vota,
890 1990 979 2056 volo:

170 2076 204 2142 Si
226 2080 427 2145 fortvmatum
449 2079 520 2143 fieri
543 2101 595 2143 me
618 2080 720 2144 credis
745 2084 777 2144 et
798 2079 892 2145 heres
1019 2118 1022 2123 -

213 2168 272 2234 Vis
296 2169 394 2234 soribi
416 2174 548 2252 propter
571 2168 710 2252 quinque
732 2168 885 2249 Lucrina,
907 2167 989 2232 vale.

144 2257 273 2322 olianta
295 2262 406 2321 tamen
428 2278 506 2322 oena
529 2260 591 2320 est:
613 2256 732 2339 fateor,
749 2255 944 2338 lautissima,
968 2256 1029 2321 sed
1047 2279 1122 2322 oras

213 2345 270 2411 Nil
293 2346 367 2429 erit,
389 2346 489 2410 immo
512 2345 621 2430 hodie,
644 2346 791 2430 protinus
806 2345 914 2409 'immo
937 2343 1054 2430 nihil‚.

171 2434 264 2511 Quod
286 2435 368 2499 sciat
390 2434 503 2498 infelix
525 2434 697 2498 damnatae
720 2453 863 2517 spongea
886 2433 999 2518 virgae

213 2521 276 2587 Vel
296 2523 476 2607 quicunque
499 2522 587 2587 oanis
611 2523 782 2605 iunctaque
805 2524 891 2586 testa
911 2521 999 2586 viae:

169 2611 345 2676 Mullorum
367 2611 577 2696 leporumque
601 2614 634 2674 et
656 2609 791 2674 suminis
815 2609 919 2674 exitus
942 2608 998 2674 hio
1022 2616 1091 2691 ost,

128 2711 161 2759 ιθ
215 2698 476 2784 Sulphureusque
499 2700 589 2764 oolor
611 2698 839 2782 carnificesque
861 2697 969 2781 pedes.

170 2786 247 2851 Non
269 2787 400 2851 Albana
422 2787 503 2850 mihi
526 2788 569 2850 sit
592 2787 776 2851 comissatio
799 2787 882 2851 tant'

214 2873 283 2938 Neo
306 2872 510 2957 Capitolinae
531 2876 785 2959 pontificumque
809 2874 920 2959 dapes3

171 2963 315 3046 Imputat
336 2962 406 3044 ipse
429 2961 506 3025 deus
530 2966 640 3026 neotar
663 2963 757 3045 mihi,
779 2963 836 3027 liet
858 2965 986 3028 acetum

215 3050 261 3114 Et
282 3049 433 3115 Vaticani
455 3049 577 3133 perfida
600 3073 706 3136 vappa
728 3050 808 3116 cadi.
988 3117 992 3123 ,
1079 3126 1084 3139 ¹

130 3151 162 3201 15
173 3137 333 3205 Convivas
357 3136 439 3203 alios
462 3159 611 3203 cenarum
635 3161 752 3223 quaere
774 3139 944 3224 magister,
1064 3150 1085 3159 “

217 3227 303 3304 Quos
327 3227 459 3311 capiant
481 3248 611 3291 mensae
634 3248 735 3311 regna
758 3228 897 3313 superba
920 3233 1011 3294 tuaet
1082 3262 1085 3267 ·

172 3316 224 3380 Me
246 3338 336 3380 meus
361 3314 401 3379 ad
425 3314 549 3379 subitas
572 3315 689 3380 invitet
713 3317 833 3381 amicus
858 3315 987 3382 ofellae:

216 3404 305 3498 Haeo
327 3403 420 3489 mihi,
442 3425 539 3488 quam
562 3426 696 3488 possum
718 3405 864 3488 reddere,
886 3425 966 3470 aena
988 3406 1114 3492 plaeet.

173 3642 316 3710 Crinitae
338 3643 418 3709 Line
441 3543 780 3729 paedagongdIddrbae,

171 3731 293 3798 Rerum
318 3754 414 3818 quem
436 3732 601 3797 dominum
623 3736 719 3797 vooat
742 3753 873 3797 suarum

159 3822 209 3888 Et
231 3821 339 3892 eredit
362 3826 418 3893 oui
438 3820 642 3892 Postumilla
664 3820 755 3887 dives
