<?xml version="1.0" encoding="UTF-8"?>
<!DOCTYPE html PUBLIC "-//W3C//DTD XHTML 1.0 Transitional//EN"
    "http://www.w3.org/TR/xhtml1/DTD/xhtml1-transitional.dtd">
<html xmlns="http://www.w3.org/1999/xhtml" xml:lang="en" lang="en">
 <head>
  <title>
</title>
<meta http-equiv="Content-Type" content="text/html;charset=utf-8" />
  <meta name='ocr-system' content='tesseract 3.04.00' />
  <meta name='ocr-capabilities' content='ocr_page ocr_carea ocr_par ocr_line ocrx_word'/>
</head>
<body>
  <div class='ocr_page' id='page_1' title='image "./mvaleriimartial00gilbgoog/mvaleriimartial00gilbgoog_0224.png"; bbox 0 0 2408 4132; ppageno 0'>
   <div class='ocr_carea' id='block_1_1' title="bbox 335 317 1069 385">
    <p class='ocr_par' dir='ltr' id='par_1_1' title="bbox 335 317 1069 385">
     <span class='ocr_line' id='line_1_1' title="bbox 335 317 1069 385; baseline 0.016 -15"><span class='ocrx_word' id='word_1_1' title='bbox 335 317 627 372; x_wconf 80' lang='lat' dir='ltr'>EPIGRAMMATON</span> <span class='ocrx_word' id='word_1_2' title='bbox 644 318 711 373; x_wconf 92' lang='lat' dir='ltr'>LIB.</span> <span class='ocrx_word' id='word_1_3' title='bbox 731 319 805 373; x_wconf 91' lang='lat' dir='ltr'>VIII.</span> <span class='ocrx_word' id='word_1_4' title='bbox 1008 320 1069 385; x_wconf 71' lang='lat' dir='ltr'>Ill</span> 
     </span>
    </p>
   </div>
   <div class='ocr_carea' id='block_1_2' title="bbox 109 479 1070 653">
    <p class='ocr_par' dir='ltr' id='par_1_2' title="bbox 109 479 1070 653">
     <span class='ocr_line' id='line_1_2' title="bbox 109 479 1070 566; baseline 0.002 -22"><span class='ocrx_word' id='word_1_5' title='bbox 109 480 184 544; x_wconf 90' lang='lat' dir='ltr'>Non</span> <span class='ocrx_word' id='word_1_6' title='bbox 199 482 274 542; x_wconf 85' lang='lat' dir='ltr'>sunt</span> <span class='ocrx_word' id='word_1_7' title='bbox 287 479 367 544; x_wconf 89' lang='lat' dir='ltr'>haec</span> <span class='ocrx_word' id='word_1_8' title='bbox 380 479 562 563; x_wconf 91' lang='lat' dir='ltr'>hominum,</span> <span class='ocrx_word' id='word_1_9' title='bbox 577 479 780 564; x_wconf 77' lang='lat' dir='ltr'><strong>Germanice,</strong></span> <span class='ocrx_word' id='word_1_10' title='bbox 795 481 914 566; x_wconf 83' lang='lat' dir='ltr'>gaudia</span> <span class='ocrx_word' id='word_1_11' title='bbox 929 484 1070 563; x_wconf 86' lang='lat' dir='ltr'>tantum,</span> 
     </span>
     <span class='ocr_line' id='line_1_3' title="bbox 155 567 883 653; baseline 0.001 -21"><span class='ocrx_word' id='word_1_12' title='bbox 155 567 216 632; x_wconf 84' lang='lat' dir='ltr'>Sed</span> <span class='ocrx_word' id='word_1_13' title='bbox 238 567 363 632; x_wconf 86' lang='lat' dir='ltr'>faciunt</span> <span class='ocrx_word' id='word_1_14' title='bbox 384 568 448 650; x_wconf 84' lang='lat' dir='ltr'>ipsi</span> <span class='ocrx_word' id='word_1_15' title='bbox 469 591 568 651; x_wconf 91' lang='lat' dir='ltr'>nunc,</span> <span class='ocrx_word' id='word_1_16' title='bbox 590 571 685 653; x_wconf 87' lang='lat' dir='ltr'>puto,</span> <span class='ocrx_word' id='word_1_17' title='bbox 709 590 801 634; x_wconf 88' lang='lat' dir='ltr'>sacra</span> <span class='ocrx_word' id='word_1_18' title='bbox 824 569 883 633; x_wconf 91' lang='lat' dir='ltr'>dei.</span> 
     </span>
    </p>
   </div>
   <div class='ocr_carea' id='block_1_3' title="bbox 550 717 581 780">
    <p class='ocr_par' dir='ltr' id='par_1_3' title="bbox 550 717 581 780">
     <span class='ocr_line' id='line_1_4' title="bbox 550 717 581 780; baseline 0 0"><span class='ocrx_word' id='word_1_19' title='bbox 550 717 581 780; x_wconf 89' lang='lat' dir='ltr'><strong>V</strong></span> 
     </span>
    </p>
   </div>
   <div class='ocr_carea' id='block_1_4' title="bbox 109 813 771 986">
    <p class='ocr_par' dir='ltr' id='par_1_4' title="bbox 109 813 771 986">
     <span class='ocr_line' id='line_1_5' title="bbox 109 813 771 899; baseline 0.002 -21"><span class='ocrx_word' id='word_1_20' title='bbox 109 814 196 878; x_wconf 90' lang='lat' dir='ltr'>Dum</span> <span class='ocrx_word' id='word_1_21' title='bbox 220 814 335 898; x_wconf 91' lang='lat' dir='ltr'>donas,</span> <span class='ocrx_word' id='word_1_22' title='bbox 357 813 480 898; x_wconf 80' lang='lat' dir='ltr'>Macer,</span> <span class='ocrx_word' id='word_1_23' title='bbox 504 815 618 879; x_wconf 82' lang='lat' dir='ltr'>anulos</span> <span class='ocrx_word' id='word_1_24' title='bbox 641 815 771 899; x_wconf 69' lang='lat' dir='ltr'>puellm,</span> 
     </span>
     <span class='ocr_line' id='line_1_6' title="bbox 109 903 678 986; baseline -0.002 -19"><span class='ocrx_word' id='word_1_25' title='bbox 109 903 246 986; x_wconf 85' lang='lat' dir='ltr'>Desisti,</span> <span class='ocrx_word' id='word_1_26' title='bbox 268 903 389 986; x_wconf 82' lang='lat' dir='ltr'>Macer,</span> <span class='ocrx_word' id='word_1_27' title='bbox 413 903 527 967; x_wconf 84' lang='lat' dir='ltr'>anulos</span> <span class='ocrx_word' id='word_1_28' title='bbox 550 903 678 967; x_wconf 88' lang='lat' dir='ltr'>habere.</span> 
     </span>
    </p>
   </div>
   <div class='ocr_carea' id='block_1_5' title="bbox 541 1051 597 1116">
    <p class='ocr_par' dir='ltr' id='par_1_5' title="bbox 541 1051 597 1116">
     <span class='ocr_line' id='line_1_7' title="bbox 541 1051 597 1116; baseline 0.018 -1"><span class='ocrx_word' id='word_1_29' title='bbox 541 1051 597 1116; x_wconf 91' lang='lat' dir='ltr'>VI.</span> 
     </span>
    </p>
   </div>
   <div class='ocr_carea' id='block_1_6' title="bbox 65 1148 1087 2555">
    <p class='ocr_par' dir='ltr' id='par_1_6' title="bbox 65 1148 1087 2555">
     <span class='ocr_line' id='line_1_8' title="bbox 110 1148 892 1233; baseline 0 -20"><span class='ocrx_word' id='word_1_30' title='bbox 110 1149 304 1233; x_wconf 83' lang='lat' dir='ltr'>Archetypis</span> <span class='ocrx_word' id='word_1_31' title='bbox 327 1150 429 1214; x_wconf 85' lang='lat' dir='ltr'>vetuli</span> <span class='ocrx_word' id='word_1_32' title='bbox 451 1149 532 1213; x_wconf 92' lang='lat' dir='ltr'>nihil</span> <span class='ocrx_word' id='word_1_33' title='bbox 556 1153 606 1213; x_wconf 87' lang='lat' dir='ltr'>est</span> <span class='ocrx_word' id='word_1_34' title='bbox 630 1148 772 1213; x_wconf 83' lang='lat' dir='ltr'>odiosius</span> <span class='ocrx_word' id='word_1_35' title='bbox 795 1148 892 1213; x_wconf 84' lang='lat' dir='ltr'>Eucti</span> 
     </span>
     <span class='ocr_line' id='line_1_9' title="bbox 157 1236 941 1322; baseline 0 -21"><span class='ocrx_word' id='word_1_36' title='bbox 157 1237 305 1303; x_wconf 85' lang='lat' dir='ltr'>-Ficta</span> <span class='ocrx_word' id='word_1_37' title='bbox 329 1236 509 1322; x_wconf 84' lang='lat' dir='ltr'>Saguntino</span> <span class='ocrx_word' id='word_1_38' title='bbox 533 1237 662 1320; x_wconf 83' lang='lat' dir='ltr'>cymbia</span> <span class='ocrx_word' id='word_1_39' title='bbox 685 1237 772 1301; x_wconf 86' lang='lat' dir='ltr'>malo</span> <span class='ocrx_word' id='word_1_40' title='bbox 795 1238 865 1301; x_wconf 89' lang='lat' dir='ltr'>luto</span> <span class='ocrx_word' id='word_1_41' title='bbox 886 1275 941 1321; x_wconf 94' lang='lat'>—,</span> 
     </span>
     <span class='ocr_line' id='line_1_10' title="bbox 109 1326 893 1410; baseline 0 -21"><span class='ocrx_word' id='word_1_42' title='bbox 109 1326 249 1410; x_wconf 81' lang='lat' dir='ltr'>Argenti</span> <span class='ocrx_word' id='word_1_43' title='bbox 270 1327 394 1390; x_wconf 84' lang='lat' dir='ltr'>furiosa</span> <span class='ocrx_word' id='word_1_44' title='bbox 417 1326 466 1390; x_wconf 91' lang='lat' dir='ltr'>sui</span> <span class='ocrx_word' id='word_1_45' title='bbox 489 1347 562 1390; x_wconf 93' lang='lat' dir='ltr'>cum</span> <span class='ocrx_word' id='word_1_46' title='bbox 584 1329 759 1390; x_wconf 86' lang='lat' dir='ltr'>stemmata</span> <span class='ocrx_word' id='word_1_47' title='bbox 780 1329 893 1389; x_wconf 85' lang='lat' dir='ltr'>narrat</span> 
     </span>
     <span class='ocr_line' id='line_1_11' title="bbox 153 1413 1087 1498; baseline -0.002 -21"><span class='ocrx_word' id='word_1_48' title='bbox 153 1413 309 1478; x_wconf 85' lang='lat' dir='ltr'>Garrulus</span> <span class='ocrx_word' id='word_1_49' title='bbox 333 1419 365 1478; x_wconf 91' lang='lat' dir='ltr'>et</span> <span class='ocrx_word' id='word_1_50' title='bbox 387 1413 495 1479; x_wconf 91' lang='lat' dir='ltr'>verbis</span> <span class='ocrx_word' id='word_1_51' title='bbox 519 1413 646 1478; x_wconf 90' lang='lat' dir='ltr'>mucida</span> <span class='ocrx_word' id='word_1_52' title='bbox 668 1414 744 1477; x_wconf 91' lang='lat' dir='ltr'>vina</span> <span class='ocrx_word' id='word_1_53' title='bbox 766 1413 853 1478; x_wconf 89' lang='lat' dir='ltr'>facit.</span> <span class='ocrx_word' id='word_1_54' title='bbox 1040 1483 1045 1497; x_wconf 28' lang='grc' dir='ltr'><strong>Δ</strong></span> <span class='ocrx_word' id='word_1_55' title='bbox 1069 1469 1087 1498; x_wconf 68' lang='lat'>,·</span> 
     </span>
     <span class='ocr_line' id='line_1_12' title="bbox 83 1500 1083 1586; baseline 0 -20"><span class='ocrx_word' id='word_1_56' title='bbox 83 1502 383 1586; x_wconf 86' lang='lat' dir='ltr'>5„Lacmedonteae</span> <span class='ocrx_word' id='word_1_57' title='bbox 405 1503 535 1566; x_wconf 84' lang='lat' dir='ltr'>fuerant</span> <span class='ocrx_word' id='word_1_58' title='bbox 557 1502 636 1566; x_wconf 86' lang='lat' dir='ltr'>haec</span> <span class='ocrx_word' id='word_1_59' title='bbox 659 1503 774 1586; x_wconf 91' lang='lat' dir='ltr'>pocula</span> <span class='ocrx_word' id='word_1_60' title='bbox 797 1523 941 1566; x_wconf 87' lang='lat' dir='ltr'>mensae:</span> <span class='ocrx_word' id='word_1_61' title='bbox 1043 1500 1083 1566; x_wconf 41' lang='lat' dir='ltr'>&amp;a</span> 
     </span>
     <span class='ocr_line' id='line_1_13' title="bbox 152 1589 963 1676; baseline -0.001 -22"><span class='ocrx_word' id='word_1_62' title='bbox 152 1589 264 1655; x_wconf 85' lang='lat' dir='ltr'>Ferret</span> <span class='ocrx_word' id='word_1_63' title='bbox 286 1595 324 1655; x_wconf 91' lang='lat' dir='ltr'>ut</span> <span class='ocrx_word' id='word_1_64' title='bbox 346 1591 439 1676; x_wconf 87' lang='lat' dir='ltr'>haec,</span> <span class='ocrx_word' id='word_1_65' title='bbox 462 1612 571 1655; x_wconf 86' lang='lat' dir='ltr'>muros</span> <span class='ocrx_word' id='word_1_66' title='bbox 595 1591 715 1655; x_wconf 85' lang='lat' dir='ltr'>struxit</span> <span class='ocrx_word' id='word_1_67' title='bbox 736 1589 857 1674; x_wconf 84' lang='lat' dir='ltr'>Apollo</span> <span class='ocrx_word' id='word_1_68' title='bbox 881 1591 963 1673; x_wconf 90' lang='lat' dir='ltr'>lyra.</span> 
     </span>
     <span class='ocr_line' id='line_1_14' title="bbox 108 1678 936 1762; baseline 0.001 -20"><span class='ocrx_word' id='word_1_69' title='bbox 108 1678 180 1744; x_wconf 90' lang='lat' dir='ltr'>Hoc</span> <span class='ocrx_word' id='word_1_70' title='bbox 204 1683 326 1744; x_wconf 91' lang='lat' dir='ltr'>cratere</span> <span class='ocrx_word' id='word_1_71' title='bbox 349 1679 440 1744; x_wconf 85' lang='lat' dir='ltr'>ferox</span> <span class='ocrx_word' id='word_1_72' title='bbox 463 1678 626 1744; x_wconf 90' lang='lat' dir='ltr'>commisit</span> <span class='ocrx_word' id='word_1_73' title='bbox 646 1679 770 1762; x_wconf 88' lang='lat' dir='ltr'>proelia</span> <span class='ocrx_word' id='word_1_74' title='bbox 791 1679 936 1743; x_wconf 80' lang='lat' dir='ltr'>Rhoetus</span> 
     </span>
     <span class='ocr_line' id='line_1_15' title="bbox 153 1766 924 1853; baseline 0 -21"><span class='ocrx_word' id='word_1_75' title='bbox 153 1766 234 1832; x_wconf 81' lang='lat' dir='ltr'>Cum</span> <span class='ocrx_word' id='word_1_76' title='bbox 257 1766 422 1851; x_wconf 78' lang='lat' dir='ltr'>Lapithis:</span> <span class='ocrx_word' id='word_1_77' title='bbox 444 1789 555 1853; x_wconf 83' lang='lat' dir='ltr'>pugna</span> <span class='ocrx_word' id='word_1_78' title='bbox 577 1767 683 1832; x_wconf 88' lang='lat' dir='ltr'>debile</span> <span class='ocrx_word' id='word_1_79' title='bbox 707 1767 811 1832; x_wconf 85' lang='lat' dir='ltr'>cernis</span> <span class='ocrx_word' id='word_1_80' title='bbox 836 1789 924 1850; x_wconf 91' lang='lat' dir='ltr'>opus.</span> 
     </span>
     <span class='ocr_line' id='line_1_16' title="bbox 108 1854 905 1940; baseline -0.003 -20"><span class='ocrx_word' id='word_1_81' title='bbox 108 1855 153 1920; x_wconf 88' lang='lat' dir='ltr'>Hi</span> <span class='ocrx_word' id='word_1_82' title='bbox 176 1856 238 1920; x_wconf 91' lang='lat' dir='ltr'>duo</span> <span class='ocrx_word' id='word_1_83' title='bbox 262 1858 420 1940; x_wconf 82' lang='lat' dir='ltr'>longaevo</span> <span class='ocrx_word' id='word_1_84' title='bbox 445 1859 616 1920; x_wconf 84' lang='lat' dir='ltr'>censentur</span> <span class='ocrx_word' id='word_1_85' title='bbox 638 1854 778 1919; x_wconf 89' lang='lat' dir='ltr'>Nestore</span> <span class='ocrx_word' id='word_1_86' title='bbox 801 1856 905 1919; x_wconf 91' lang='lat' dir='ltr'>fundi:</span> 
     </span>
     <span class='ocr_line' id='line_1_17' title="bbox 65 1943 837 2028; baseline -0.001 -20"><span class='ocrx_word' id='word_1_87' title='bbox 65 1962 97 2008; x_wconf 89' lang='lat'>10</span> <span class='ocrx_word' id='word_1_88' title='bbox 151 1943 273 2008; x_wconf 90' lang='lat' dir='ltr'>Pollice</span> <span class='ocrx_word' id='word_1_89' title='bbox 298 1944 335 2008; x_wconf 90' lang='lat' dir='ltr'>de</span> <span class='ocrx_word' id='word_1_90' title='bbox 357 1944 450 2028; x_wconf 90' lang='lat' dir='ltr'>Pylio</span> <span class='ocrx_word' id='word_1_91' title='bbox 473 1944 553 2008; x_wconf 89' lang='lat' dir='ltr'>trita</span> <span class='ocrx_word' id='word_1_92' title='bbox 575 1944 724 2008; x_wconf 88' lang='lat' dir='ltr'>columba</span> <span class='ocrx_word' id='word_1_93' title='bbox 745 1944 837 2007; x_wconf 91' lang='lat' dir='ltr'>nitet.</span> 
     </span>
     <span class='ocr_line' id='line_1_18' title="bbox 108 2031 969 2116; baseline -0.002 -20"><span class='ocrx_word' id='word_1_94' title='bbox 108 2032 169 2098; x_wconf 89' lang='lat' dir='ltr'>Hic</span> <span class='ocrx_word' id='word_1_95' title='bbox 193 2033 334 2116; x_wconf 88' lang='lat' dir='ltr'>scyphus</span> <span class='ocrx_word' id='word_1_96' title='bbox 358 2036 421 2116; x_wconf 87' lang='lat' dir='ltr'>est,</span> <span class='ocrx_word' id='word_1_97' title='bbox 443 2032 477 2096; x_wconf 95' lang='lat' dir='ltr'>in</span> <span class='ocrx_word' id='word_1_98' title='bbox 501 2054 563 2116; x_wconf 91' lang='lat' dir='ltr'>quo</span> <span class='ocrx_word' id='word_1_99' title='bbox 587 2031 715 2095; x_wconf 89' lang='lat' dir='ltr'>misceri</span> <span class='ocrx_word' id='word_1_100' title='bbox 738 2031 834 2095; x_wconf 87' lang='lat' dir='ltr'>iussit</span> <span class='ocrx_word' id='word_1_101' title='bbox 858 2031 969 2095; x_wconf 89' lang='lat' dir='ltr'>amicis</span> 
     </span>
     <span class='ocr_line' id='line_1_19' title="bbox 151 2119 852 2206; baseline -0.004 -22"><span class='ocrx_word' id='word_1_102' title='bbox 151 2119 290 2206; x_wconf 83' lang='lat' dir='ltr'>Largius</span> <span class='ocrx_word' id='word_1_103' title='bbox 313 2120 470 2186; x_wconf 87' lang='lat' dir='ltr'>Aeacides</span> <span class='ocrx_word' id='word_1_104' title='bbox 493 2119 696 2202; x_wconf 83' lang='lat' dir='ltr'>vividiusque</span> <span class='ocrx_word' id='word_1_105' title='bbox 718 2140 852 2181; x_wconf 90' lang='lat' dir='ltr'>merum.</span> 
     </span>
     <span class='ocr_line' id='line_1_20' title="bbox 107 2205 859 2294; baseline -0.004 -22"><span class='ocrx_word' id='word_1_106' title='bbox 107 2208 178 2274; x_wconf 88' lang='lat' dir='ltr'>Hac</span> <span class='ocrx_word' id='word_1_107' title='bbox 200 2209 387 2294; x_wconf 74' lang='lat' dir='ltr'>propinavit</span> <span class='ocrx_word' id='word_1_108' title='bbox 408 2207 515 2272; x_wconf 89' lang='lat' dir='ltr'>Bitiae</span> <span class='ocrx_word' id='word_1_109' title='bbox 538 2206 753 2292; x_wconf 86' lang='lat' dir='ltr'>pulcherrima</span> <span class='ocrx_word' id='word_1_110' title='bbox 776 2205 859 2269; x_wconf 91' lang='lat' dir='ltr'>Dido</span> 
     </span>
     <span class='ocr_line' id='line_1_21' title="bbox 150 2293 996 2382; baseline -0.007 -21"><span class='ocrx_word' id='word_1_111' title='bbox 150 2296 190 2361; x_wconf 91' lang='lat' dir='ltr'>In</span> <span class='ocrx_word' id='word_1_112' title='bbox 212 2302 340 2382; x_wconf 88' lang='lat' dir='ltr'>patera,</span> <span class='ocrx_word' id='word_1_113' title='bbox 362 2296 507 2381; x_wconf 84' lang='lat' dir='ltr'>Phrygio</span> <span class='ocrx_word' id='word_1_114' title='bbox 532 2318 604 2360; x_wconf 91' lang='lat' dir='ltr'>cum</span> <span class='ocrx_word' id='word_1_115' title='bbox 627 2295 703 2358; x_wconf 87' lang='lat' dir='ltr'>data</span> <span class='ocrx_word' id='word_1_116' title='bbox 725 2315 804 2358; x_wconf 89' lang='lat' dir='ltr'>cena</span> <span class='ocrx_word' id='word_1_117' title='bbox 826 2293 895 2358; x_wconf 90' lang='lat' dir='ltr'>viro</span> <span class='ocrx_word' id='word_1_118' title='bbox 919 2293 996 2356; x_wconf 87' lang='lat' dir='ltr'>est.“</span> 
     </span>
     <span class='ocr_line' id='line_1_22' title="bbox 66 2382 972 2467; baseline -0.006 -18"><span class='ocrx_word' id='word_1_119' title='bbox 66 2402 96 2449; x_wconf 81' lang='lat'>15</span> <span class='ocrx_word' id='word_1_120' title='bbox 107 2386 245 2450; x_wconf 85' lang='lat' dir='ltr'>Miratus</span> <span class='ocrx_word' id='word_1_121' title='bbox 268 2385 367 2450; x_wconf 85' lang='lat' dir='ltr'>fueris</span> <span class='ocrx_word' id='word_1_122' title='bbox 391 2407 464 2450; x_wconf 92' lang='lat' dir='ltr'>cum</span> <span class='ocrx_word' id='word_1_123' title='bbox 486 2385 593 2467; x_wconf 87' lang='lat' dir='ltr'>prisca</span> <span class='ocrx_word' id='word_1_124' title='bbox 615 2386 797 2446; x_wconf 88' lang='lat' dir='ltr'>toreumata</span> <span class='ocrx_word' id='word_1_125' title='bbox 820 2382 972 2465; x_wconf 89' lang='lat' dir='ltr'>multum,</span> 
     </span>
     <span class='ocr_line' id='line_1_23' title="bbox 150 2468 838 2555; baseline -0.003 -17"><span class='ocrx_word' id='word_1_126' title='bbox 150 2475 189 2538; x_wconf 93' lang='lat' dir='ltr'>In</span> <span class='ocrx_word' id='word_1_127' title='bbox 211 2473 332 2538; x_wconf 89' lang='lat' dir='ltr'>Priami</span> <span class='ocrx_word' id='word_1_128' title='bbox 356 2473 494 2538; x_wconf 87' lang='lat' dir='ltr'>calathis</span> <span class='ocrx_word' id='word_1_129' title='bbox 517 2472 720 2555; x_wconf 85' lang='lat' dir='ltr'>Astyanacta</span> <span class='ocrx_word' id='word_1_130' title='bbox 737 2468 838 2536; x_wconf 88' lang='lat' dir='ltr'>bibes.</span> 
     </span>
    </p>
   </div>
   <div class='ocr_carea' id='block_1_7' title="bbox 526 2612 599 2678">
    <p class='ocr_par' dir='ltr' id='par_1_7' title="bbox 526 2612 599 2678">
     <span class='ocr_line' id='line_1_24' title="bbox 526 2612 599 2678; baseline -0.027 0"><span class='ocrx_word' id='word_1_131' title='bbox 526 2612 599 2678; x_wconf 89' lang='lat' dir='ltr'>VII.</span> 
     </span>
    </p>
   </div>
   <div class='ocr_carea' id='block_1_8' title="bbox 106 2707 1039 3060">
    <p class='ocr_par' dir='ltr' id='par_1_8' title="bbox 106 2707 1039 2884">
     <span class='ocr_line' id='line_1_25' title="bbox 106 2707 1039 2796; baseline -0.003 -20"><span class='ocrx_word' id='word_1_132' title='bbox 106 2713 178 2778; x_wconf 91' lang='lat' dir='ltr'>Hoc</span> <span class='ocrx_word' id='word_1_133' title='bbox 200 2732 295 2796; x_wconf 84' lang='lat' dir='ltr'>agere</span> <span class='ocrx_word' id='word_1_134' title='bbox 320 2715 369 2776; x_wconf 89' lang='lat' dir='ltr'>est</span> <span class='ocrx_word' id='word_1_135' title='bbox 393 2732 519 2792; x_wconf 86' lang='lat' dir='ltr'>causas,</span> <span class='ocrx_word' id='word_1_136' title='bbox 542 2710 603 2774; x_wconf 93' lang='lat' dir='ltr'>hoc</span> <span class='ocrx_word' id='word_1_137' title='bbox 626 2708 743 2792; x_wconf 87' lang='lat' dir='ltr'>dicere,</span> <span class='ocrx_word' id='word_1_138' title='bbox 767 2707 883 2794; x_wconf 78' lang='lat' dir='ltr'>Cinna,</span> <span class='ocrx_word' id='word_1_139' title='bbox 907 2709 1039 2794; x_wconf 85' lang='lat' dir='ltr'>diserte,</span> 
     </span>
     <span class='ocr_line' id='line_1_26' title="bbox 150 2798 942 2884; baseline -0.003 -19"><span class='ocrx_word' id='word_1_140' title='bbox 150 2801 264 2884; x_wconf 90' lang='lat' dir='ltr'>Horis,</span> <span class='ocrx_word' id='word_1_141' title='bbox 287 2798 401 2881; x_wconf 78' lang='lat' dir='ltr'>Cinna,</span> <span class='ocrx_word' id='word_1_142' title='bbox 425 2799 534 2863; x_wconf 90' lang='lat' dir='ltr'>decem</span> <span class='ocrx_word' id='word_1_143' title='bbox 557 2799 661 2862; x_wconf 85' lang='lat' dir='ltr'>dicere</span> <span class='ocrx_word' id='word_1_144' title='bbox 684 2799 782 2862; x_wconf 87' lang='lat' dir='ltr'>verba</span> <span class='ocrx_word' id='word_1_145' title='bbox 803 2799 942 2863; x_wconf 84' lang='lat' dir='ltr'>novem?</span> 
     </span>
    </p>

    <p class='ocr_par' dir='ltr' id='par_1_9' title="bbox 109 2886 975 3060">
     <span class='ocr_line' id='line_1_27' title="bbox 109 2886 885 2973; baseline -0.003 -20"><span class='ocrx_word' id='word_1_146' title='bbox 109 2888 171 2953; x_wconf 80' lang='lat' dir='ltr'>Sed</span> <span class='ocrx_word' id='word_1_147' title='bbox 195 2889 290 2952; x_wconf 89' lang='lat' dir='ltr'>modo</span> <span class='ocrx_word' id='word_1_148' title='bbox 314 2888 501 2972; x_wconf 84' lang='lat' dir='ltr'>clepsydras</span> <span class='ocrx_word' id='word_1_149' title='bbox 523 2886 651 2973; x_wconf 83' lang='lat' dir='ltr'>ingenti</span> <span class='ocrx_word' id='word_1_150' title='bbox 672 2908 751 2951; x_wconf 90' lang='lat' dir='ltr'>voce</span> <span class='ocrx_word' id='word_1_151' title='bbox 773 2887 885 2969; x_wconf 85' lang='lat' dir='ltr'>petisti</span> 
     </span>
     <span class='ocr_line' id='line_1_28' title="bbox 151 2974 975 3060; baseline -0.004 -19"><span class='ocrx_word' id='word_1_152' title='bbox 151 2976 320 3050; x_wconf 76' lang='lat' dir='ltr'>Quattuor.</span> <span class='ocrx_word' id='word_1_153' title='bbox 357 2975 383 3039; x_wconf 94' lang='lat' dir='ltr'>O</span> <span class='ocrx_word' id='word_1_154' title='bbox 408 2979 578 3060; x_wconf 88' lang='lat' dir='ltr'>quantum,</span> <span class='ocrx_word' id='word_1_155' title='bbox 601 2974 718 3059; x_wconf 76' lang='lat' dir='ltr'>Cinna,</span> <span class='ocrx_word' id='word_1_156' title='bbox 739 2979 847 3039; x_wconf 88' lang='lat' dir='ltr'>tacere</span> <span class='ocrx_word' id='word_1_157' title='bbox 870 2977 975 3058; x_wconf 88' lang='lat' dir='ltr'>potes!</span> 
     </span>
    </p>
   </div>
   <div class='ocr_carea' id='block_1_9' title="bbox 519 3115 608 3180">
    <p class='ocr_par' dir='ltr' id='par_1_10' title="bbox 519 3115 608 3180">
     <span class='ocr_line' id='line_1_29' title="bbox 519 3115 608 3180; baseline 0 0"><span class='ocrx_word' id='word_1_158' title='bbox 519 3115 608 3180; x_wconf 88' lang='lat' dir='ltr'>VIII.</span> 
     </span>
    </p>
   </div>
   <div class='ocr_carea' id='block_1_10' title="bbox 77 3212 1017 3808">
    <p class='ocr_par' dir='ltr' id='par_1_11' title="bbox 77 3212 1017 3808">
     <span class='ocr_line' id='line_1_30' title="bbox 106 3212 924 3298; baseline -0.002 -20"><span class='ocrx_word' id='word_1_159' title='bbox 106 3214 304 3298; x_wconf 90' lang='lat' dir='ltr'>Principium</span> <span class='ocrx_word' id='word_1_160' title='bbox 328 3215 397 3298; x_wconf 85' lang='lat' dir='ltr'>des,</span> <span class='ocrx_word' id='word_1_161' title='bbox 418 3213 508 3297; x_wconf 87' lang='lat' dir='ltr'>Iane,</span> <span class='ocrx_word' id='word_1_162' title='bbox 531 3214 608 3278; x_wconf 91' lang='lat' dir='ltr'>licet</span> <span class='ocrx_word' id='word_1_163' title='bbox 631 3212 794 3278; x_wconf 87' lang='lat' dir='ltr'>velocibus</span> <span class='ocrx_word' id='word_1_164' title='bbox 818 3212 924 3297; x_wconf 88' lang='lat' dir='ltr'>annis,</span> 
     </span>
     <span class='ocr_line' id='line_1_31' title="bbox 149 3302 833 3386; baseline -0.001 -20"><span class='ocrx_word' id='word_1_165' title='bbox 149 3303 194 3366; x_wconf 79' lang='lat' dir='ltr'>nt</span> <span class='ocrx_word' id='word_1_166' title='bbox 217 3323 351 3366; x_wconf 87' lang='lat' dir='ltr'>renoves</span> <span class='ocrx_word' id='word_1_167' title='bbox 374 3302 469 3366; x_wconf 89' lang='lat' dir='ltr'>vultu</span> <span class='ocrx_word' id='word_1_168' title='bbox 491 3303 619 3366; x_wconf 86' lang='lat' dir='ltr'>saecula</span> <span class='ocrx_word' id='word_1_169' title='bbox 641 3303 741 3386; x_wconf 81' lang='lat' dir='ltr'>longa</span> <span class='ocrx_word' id='word_1_170' title='bbox 763 3305 833 3384; x_wconf 92' lang='lat' dir='ltr'>tuo,</span> 
     </span>
     <span class='ocr_line' id='line_1_32' title="bbox 105 3389 971 3478; baseline -0.005 -23"><span class='ocrx_word' id='word_1_171' title='bbox 105 3392 149 3455; x_wconf 85' lang='lat' dir='ltr'>Te</span> <span class='ocrx_word' id='word_1_172' title='bbox 172 3391 313 3478; x_wconf 91' lang='lat' dir='ltr'>primum</span> <span class='ocrx_word' id='word_1_173' title='bbox 336 3391 390 3474; x_wconf 90' lang='lat' dir='ltr'>pia</span> <span class='ocrx_word' id='word_1_174' title='bbox 412 3394 487 3455; x_wconf 91' lang='lat' dir='ltr'>tura</span> <span class='ocrx_word' id='word_1_175' title='bbox 508 3393 638 3474; x_wconf 83' lang='lat' dir='ltr'>rogent,</span> <span class='ocrx_word' id='word_1_176' title='bbox 660 3393 693 3454; x_wconf 91' lang='lat' dir='ltr'>tc</span> <span class='ocrx_word' id='word_1_177' title='bbox 715 3393 793 3454; x_wconf 88' lang='lat' dir='ltr'>vota</span> <span class='ocrx_word' id='word_1_178' title='bbox 816 3389 971 3471; x_wconf 84' lang='lat' dir='ltr'>salutent,</span> 
     </span>
     <span class='ocr_line' id='line_1_33' title="bbox 148 3477 895 3563; baseline -0.005 -20"><span class='ocrx_word' id='word_1_179' title='bbox 148 3480 295 3563; x_wconf 88' lang='lat' dir='ltr'>Purpura</span> <span class='ocrx_word' id='word_1_180' title='bbox 317 3483 350 3542; x_wconf 93' lang='lat' dir='ltr'>te</span> <span class='ocrx_word' id='word_1_181' title='bbox 372 3478 462 3563; x_wconf 87' lang='lat' dir='ltr'>felix,</span> <span class='ocrx_word' id='word_1_182' title='bbox 484 3483 517 3542; x_wconf 91' lang='lat' dir='ltr'>te</span> <span class='ocrx_word' id='word_1_183' title='bbox 540 3479 629 3543; x_wconf 87' lang='lat' dir='ltr'>colat</span> <span class='ocrx_word' id='word_1_184' title='bbox 651 3477 755 3542; x_wconf 87' lang='lat' dir='ltr'>omnis</span> <span class='ocrx_word' id='word_1_185' title='bbox 777 3478 895 3541; x_wconf 84' lang='lat' dir='ltr'>honos:</span> 
     </span>
     <span class='ocr_line' id='line_1_34' title="bbox 77 3565 1008 3651; baseline -0.005 -19"><span class='ocrx_word' id='word_1_186' title='bbox 77 3568 151 3633; x_wconf 83' lang='lat' dir='ltr'>5Tu</span> <span class='ocrx_word' id='word_1_187' title='bbox 176 3573 286 3632; x_wconf 88' lang='lat' dir='ltr'>tamen</span> <span class='ocrx_word' id='word_1_188' title='bbox 307 3568 369 3633; x_wconf 93' lang='lat' dir='ltr'>hoc</span> <span class='ocrx_word' id='word_1_189' title='bbox 391 3567 508 3651; x_wconf 89' lang='lat' dir='ltr'>mavis,</span> <span class='ocrx_word' id='word_1_190' title='bbox 531 3565 644 3631; x_wconf 88' lang='lat' dir='ltr'>Latiae</span> <span class='ocrx_word' id='word_1_191' title='bbox 668 3565 753 3650; x_wconf 88' lang='lat' dir='ltr'>quod</span> <span class='ocrx_word' id='word_1_192' title='bbox 776 3565 914 3650; x_wconf 86' lang='lat' dir='ltr'>contigit</span> <span class='ocrx_word' id='word_1_193' title='bbox 937 3565 1008 3629; x_wconf 89' lang='lat' dir='ltr'>urbi</span> 
     </span>
     <span class='ocr_line' id='line_1_35' title="bbox 148 3653 1017 3742; baseline -0.006 -22"><span class='ocrx_word' id='word_1_194' title='bbox 148 3657 260 3721; x_wconf 87' lang='lat' dir='ltr'>Mense</span> <span class='ocrx_word' id='word_1_195' title='bbox 282 3659 339 3721; x_wconf 84' lang='lat' dir='ltr'>tuo</span> <span class='ocrx_word' id='word_1_196' title='bbox 362 3654 524 3742; x_wconf 88' lang='lat' dir='ltr'>reducem,</span> <span class='ocrx_word' id='word_1_197' title='bbox 546 3653 641 3736; x_wconf 88' lang='lat' dir='ltr'>Iane,</span> <span class='ocrx_word' id='word_1_198' title='bbox 661 3654 773 3721; x_wconf 85' lang='lat' dir='ltr'>vidcre</span> <span class='ocrx_word' id='word_1_199' title='bbox 795 3654 906 3718; x_wconf 78' lang='lat' dir='ltr'>deum.</span> <span class='ocrx_word' id='word_1_200' title='bbox 1013 3736 1017 3742; x_wconf 19' lang='grc' dir='ltr'>ι</span> 
     </span>
     <span class='ocr_line' id='line_1_36' title="bbox 104 3759 942 3808; baseline -0.002 -2"><span class='ocrx_word' id='word_1_201' title='bbox 104 3769 184 3808; x_wconf 67' lang='lat' dir='ltr'>Maur.</span> <span class='ocrx_word' id='word_1_202' title='bbox 899 3759 942 3806; x_wconf 63' lang='grc' dir='ltr'>Ὠ</span> 
     </span>
    </p>
   </div>
   <div class='ocr_carea' id='block_1_11' title="bbox 0 0 1208 4132">
    <p class='ocr_par' dir='ltr' id='par_1_12' title="bbox 0 0 1208 4132">
     <span class='ocr_line' id='line_1_37' title="bbox 0 0 1208 4132; baseline 0 0"><span class='ocrx_word' id='word_1_203' title='bbox 0 0 1208 4132; x_wconf 95' lang='lat' dir='ltr'> </span> 
     </span>
    </p>
   </div>
  </div>
 </body>
</html>
