2408 4132
91 437 132 500 16
415 435 452 489 n.
471 433 552 490 vro.
571 399 768 488 nmrmurs

133 595 215 673 Quid
238 597 372 683 dignum
394 600 487 661 tanto
510 596 574 662 tibi
591 599 704 661 ventre
728 597 868 681 gulaque
891 596 1071 678 precabor?

177 685 326 750 Boletum
351 687 479 769 qualem
502 683 656 750 Claudius
679 684 759 768 edit,
782 685 868 748 odae.

547 824 633 888 XXI.
725 867 728 871 ψ

116 929 215 996 »Ουηι
236 934 362 1016 peteret
385 951 509 1014 regem,
532 931 666 1014 decepta
689 929 830 995 satellite
854 931 969 994 dextra

175 1019 317 1104 Ingessit
340 1019 440 1082 sacris
464 1040 497 1081 se
520 1019 667 1103 peritura
689 1018 777 1082 focis.

133 1107 194 1172 Sed
216 1112 285 1172 tam
308 1128 406 1171 saeva
427 1107 500 1190 pius
523 1107 680 1170 miracula
701 1128 767 1170 non
788 1105 867 1170 tulit
887 1106 993 1171 hostis

176 1196 222 1260 Et
245 1199 375 1278 raptum
396 1194 537 1258 fiammis
559 1194 656 1258 iussit
678 1194 767 1258 abire
789 1194 907 1259 virum:

95 1282 235 1367 ‚oUrerc
254 1305 350 1367 quam
369 1281 476 1364 potuit
493 1285 679 1364 contempto
698 1281 823 1347 Mucius
841 1283 932 1367 igne,

176 1370 269 1436 Hanc
292 1374 437 1455 spectare
461 1392 593 1434 manum
615 1369 759 1433 Porsena
780 1391 846 1435 non
868 1371 983 1453 potuIt.

132 1458 237 1523 Maior
259 1460 412 1541 deceptae
434 1457 523 1521 fama
546 1462 596 1521 est
619 1461 652 1520 et
675 1459 780 1543 gloria
802 1457 947 1521 dextrae:

177 1545 300 1611 Sinon
322 1550 474 1626 errasset,
496 1545 618 1610 fecerat
640 1545 700 1609 illa
723 1545 839 1610 minus.

539 1685 641 1749 XXII.

132 1791 215 1868 Quid
236 1814 321 1857 nuno
344 1799 441 1856 saeva
461 1790 549 1874 fugis
572 1790 692 1873 placidi
714 1791 807 1874 lepus
831 1813 888 1856 ora
910 1792 1034 1857 leonis?

175 1879 338 1964 Frangere
359 1884 428 1943 tam
450 1900 568 1962 parvas
590 1900 656 1942 non
678 1878 815 1942 didicere
837 1879 934 1943 feras.

135 1967 312 2032 Servantur
335 1967 461 2053 magnis
484 1967 542 2030 isti
564 1965 740 2030 cervicibus
764 1987 888 2052 ungnes

175 2055 244 2121 Nec
266 2056 386 2141 gaudet
408 2054 497 2118 tenui
520 2053 675 2139 sanguine
698 2057 799 2121 tanta
815 2055 895 2118 sitis.

106 2143 255 2220 sPraeda
273 2165 389 2207 canum
411 2144 502 2225 lepus
526 2145 590 2225 est,
611 2146 721 2207 vastos
744 2164 810 2206 non
830 2142 945 2226 implet
968 2142 1091 2208 hiatus·

176 2230 252 2297 Non
273 2232 389 2296 tImeat
410 2229 518 2295 Dacus
542 2228 690 2294 Caesaris
714 2251 805 2295 arma
827 2251 915 2315 puer.

528 2369 647 2436 XXIII.

131 2478 255 2542 Invitas
277 2479 404 2541 nullum
425 2477 490 2541 nisi
512 2498 584 2540 cum
607 2498 684 2560 quo,
708 2475 818 2557 Cotta,
840 2476 961 2541 lavaris

177 2567 222 2629 Et
245 2566 324 2629 dant
347 2566 516 2629 convivam
538 2564 656 2628 balnea
681 2565 751 2628 sola
775 2564 845 2628 tibi.

132 2652 286 2735 Mirabar,
308 2674 406 2736 quare
428 2673 593 2734 nunquam
616 2672 680 2732 me,
704 2650 815 2737 Cotta,
838 2673 1000 2718 vocasses:

176 2739 248 2804 Iam
271 2740 351 2822 scio,
373 2761 424 2803 me
446 2739 567 2803 nudum
590 2739 791 2822 displicuisse
814 2741 886 2804 tibi.

534 2878 652 2943 XXIV.

111 3002 112 3006 ’
134 2985 263 3070 Aspicis
285 2985 458 3068 incomptis
480 2984 588 3066 illum,
610 2983 764 3067 Deciane,
787 2985 927 3070 capillis,
956 2971 958 2976 ⁵

179 3072 277 3138 Cuius
300 3076 333 3135 et
355 3072 423 3155 ipse
445 3072 542 3136 times
564 3072 659 3136 triste
683 3073 904 3157 supercilium,

133 3160 197 3236 Qui
218 3161 362 3245 loquitur
384 3157 499 3224 Ourios
522 3160 765 3244 adsertoresque
789 3160 968 3226 Camillos?

179 3247 291 3314 Nolito
313 3248 415 3312 fronti
438 3247 579 3312 credero:
601 3249 713 3332 nupsit
735 3247 814 3313 heri
893 3330 897 3337 ⁵

544 3386 645 3452 XXV.

136 3494 204 3560 Ede
226 3499 300 3559 tuos
323 3493 454 3559 tandem
476 3495 612 3578 populo,
633 3491 803 3576 Faustino,
825 3494 956 3560 libellos

179 3583 225 3647 Et
248 3583 369 3648 cultum
393 3582 487 3646 docto
510 3585 640 3666 pectore
663 3580 772 3663 profer
795 3603 889 3665 opus,

134 3670 227 3746 Quod
249 3691 309 3734 neo
332 3668 503 3755 Cecropiae
526 3670 679 3734 damnent
701 3668 876 3734 Pandionis
899 3691 989 3735 arces

169 3757 244 3823 Nec
266 3759 389 3824 sileant
411 3757 518 3824 nostri
540 3762 807 3845 praetereantque
831 3779 933 3823 senes.
