2408 4132
361 348 660 405 EPIGRAMMATON
676 349 744 406 LlB.
762 351 796 406 II.
1041 351 1084 416 55

516 511 646 576 LXVII.

122 615 272 682 Occurris
296 638 483 703 quocunque
506 619 577 683 loco
601 618 695 702 mihi,
717 617 884 697 Postume,
907 619 1028 684 clamas

165 704 318 770 Protinus
341 710 374 770 et
395 708 499 789 prima
523 711 572 771 est
594 707 674 770 haec
694 709 752 771 tua
770 729 834 771 vox
850 706 952 790 „Quid
971 707 1083 792 agis?“

122 792 208 876 Hoc,
231 794 260 857 si
282 816 333 857 me
357 794 460 859 decies
484 817 549 859 una
572 794 758 860 conveneris
781 796 874 873 hora,

165 879 270 946 Dicis:
293 882 393 946 habes
417 887 496 967 puto
520 886 571 961 tu,
593 881 760 961 Postume,
783 883 830 947 nil
853 883 938 968 quod
962 903 1048 967 agas.

508 1022 656 1088 LXVIII.

121 1127 215 1204 Quod
237 1132 270 1194 te
292 1129 422 1193 nomine
444 1129 511 1193 iem
534 1132 591 1194 tuo
615 1130 733 1209 saluto,

121 1216 224 1292 Quem
247 1238 359 1302 regem
382 1221 414 1281 et
437 1217 602 1281 dominum
624 1219 713 1302 prius
736 1218 907 1301 vocabam,

121 1303 247 1368 Neine
271 1304 388 1368 dixeris
412 1326 482 1369 esse
505 1309 740 1370 contumacem:

122 1391 214 1456 Totis
237 1393 338 1476 pillea
361 1393 495 1457 sarcinis
519 1394 649 1457 redemi.

94 1479 229 1565 oReges
253 1485 286 1545 et
308 1479 456 1544 dominos
479 1480 598 1546 habere
621 1481 730 1565 debet,

121 1566 184 1642 Qui
208 1589 330 1632 senon
353 1568 453 1632 habet
476 1573 571 1652 atque
594 1570 791 1652 concupiscit

121 1655 214 1731 Quod
237 1676 331 1739 reges
354 1656 539 1740 dominique
562 1657 801 1740 concupiscunt.

121 1743 257 1809 Servum
282 1744 309 1807 si
331 1747 437 1828 potes,
460 1743 534 1828 Ole,
556 1767 624 1809 non
645 1745 778 1828 habere,

119 1832 166 1896 Et
187 1852 298 1916 regem
320 1836 428 1916 potes,
451 1831 522 1916 Ole,
545 1855 612 1897 non
633 1833 762 1897 habere.

524 1990 637 2055 LXIX.

122 2095 265 2162 Invitum
288 2119 402 2162 cenare
424 2098 504 2163 foris
527 2103 574 2180 te,
596 2095 751 2175 Classica
775 2097 868 2162 dicis:

167 2183 203 2249 Si
224 2206 291 2249 non
313 2184 476 2267 mentiris,
499 2183 654 2266 Olassice,
678 2185 866 2268 dispeream.
1062 2218 1078 2274 χ

121 2272 197 2356 Ipse
221 2295 348 2356 quoque
372 2274 413 2338 ad
435 2295 546 2339 cenam
571 2273 732 2357 gaudebat
753 2271 887 2355 Apicius
910 2272 970 2336 ire:

167 2358 249 2425 Oum
273 2365 416 2443 cenaret,
439 2365 509 2426 erat
531 2361 657 2425 tristior
679 2360 748 2445 ille,
772 2360 866 2425 domi.

94 2446 157 2512 oSi
179 2453 289 2513 tamen
311 2450 432 2515 invitus
456 2449 561 2534 vadis,
584 2470 653 2531 cur,
676 2446 832 2528 Olassice,
854 2448 968 2514 vadis?

163 2535 309 2621 ‚,Oogor“
331 2539 393 2603 ais:
416 2560 529 2603 verum
552 2540 614 2621 est3
638 2537 765 2622 cogitur
788 2540 821 2600 et
845 2535 959 2602 Selius.

119 2625 172 2689 En
194 2629 292 2708 rogat
313 2627 354 2691 ad
377 2647 489 2690 cenam
512 2625 626 2690 Melior
648 2628 696 2704 te,
720 2622 875 2708 Classico,
898 2630 1029 2690 rectam.

165 2711 309 2777 Grandia
331 2714 431 2779 verba
452 2713 509 2778 ubi
533 2713 629 2778 sunt?
653 2713 682 2776 si
704 2713 754 2777 vir
777 2734 824 2798 es,
848 2734 933 2797 ecce,
955 2735 1049 2799 nega.

529 2872 627 2938 LXX.

119 2977 196 3044 Non
217 2978 266 3043 vis
289 2978 324 3042 in
347 2979 428 3044 solio
451 2979 541 3063 prius
564 2978 670 3044 lavari

121 3065 333 3152 Quemquam,
356 3065 472 3131 Ootile:
495 3088 593 3132 causa
615 3088 710 3152 qnae,
732 3068 796 3131 nisi
818 3067 898 3132 haec
922 3070 984 3150 cst,

119 3153 223 3220 Undis
246 3177 286 3219 ne
309 3154 450 3219 fovearis
472 3154 663 3220 irrumatis?

120 3241 249 3306 Primus
272 3247 306 3307 te
329 3243 405 3307 licet
427 3243 554 3308 abluas:
572 3263 702 3308 necesse
725 3246 776 3307 est

119 3329 205 3394 Ante
228 3331 281 3395 hic
304 3331 460 3414 mentula,
485 3353 582 3415 qnam
605 3335 715 3414 caput,
737 3332 871 3395 lavetur.

519 3488 633 3554 LXXI.

121 3593 293 3661 Candidius
315 3596 397 3660 nihil
421 3599 539 3674 estte,
562 3593 752 3661 Caeciliano.
787 3594 923 3661 Notavi:

162 3682 196 3748 Si
220 3685 347 3769 quando
371 3706 410 3750 ex
432 3685 559 3754 nostris
583 3684 730 3754 disticha
751 3707 866 3774 nauca
878 3684 984 3766 Xeno„
