2408 4132
355 331 651 388 urreannnmou
668 333 735 388 ns.
754 334 801 389 u.
1021 335 1084 398 129
1139 310 1141 315 ’

123 492 188 557 Tot
211 494 407 577 spectacula,
431 497 482 558 tot
506 495 595 578 deos,
618 498 669 560 tot
692 496 802 559 urbes:

95 581 202 645 sPlus
226 580 321 644 debet
344 581 406 645 tibi
427 581 545 666 Roma,
570 584 654 667 quod
676 583 793 668 pudica
815 588 873 648 est.

564 739 602 805 V.

123 844 259 909 Rustica
282 848 443 909 mercatus
466 845 578 909 multis
602 867 674 910 sum
696 846 828 930 praedia
850 847 1003 912 nummis:

167 932 281 998 Mutua
303 933 358 996 des
382 937 523 1017 centum,
548 931 742 1018 Caeciliane,
764 955 855 1020 rogo.

122 1021 179 1086 Nil
201 1021 282 1084 mihi
304 1021 502 1104 respondes?
537 1022 686 1087 Tacitum
709 1027 742 1088 te
765 1022 869 1086 dicere
892 1022 985 1087 credo

166 1107 261 1193 „Non
281 1108 425 1173 reddes“:
449 1109 536 1193 ideo,
560 1108 753 1194 anciliane,
775 1132 866 1196 rogo.

555 1250 610 1315 VI.

123 1354 278 1420 Comoedi
300 1356 481 1438 tressunt,
505 1355 560 1419 sed
584 1359 672 1419 amat
694 1359 751 1420 tua
773 1356 887 1439 Paula,
906 1356 1061 1442 Luperce,

168 1442 342 1518 Quattuor:
367 1447 399 1507 et
421 1444 537 1526 κωφὸν
559 1442 662 1507 Paula
683 1446 863 1530 πρόσωπον
886 1452 982 1510 amat

543 1583 616 1648 VII.

121 1690 207 1755 Iulia
229 1691 281 1754 lex
304 1689 434 1774 populis
458 1711 497 1754 ex
520 1712 596 1774 quo,
619 1689 786 1775 Faustino,
809 1696 923 1757 renata
946 1696 995 1757 est

166 1781 274 1863 Atque
296 1778 418 1842 intrare
441 1778 553 1843 domos
576 1778 666 1842 iussa
688 1779 846 1844 Pudicitia
870 1785 932 1862 est,

121 1869 190 1932 Aut
212 1866 320 1930 minus
344 1870 401 1930 aut
423 1871 510 1931 certe
532 1888 598 1931 non
620 1868 693 1950 plus
715 1869 879 1932 tricesima
902 1870 958 1932 lux
982 1872 1043 1951 est,

165 1956 212 2019 Et
233 1954 328 2018 nubit
351 1954 474 2019 decimo
497 1955 562 2019 iam
586 1955 739 2020 Telesilla
760 1957 840 2021 viro.

96 2044 213 2119 tQuae
236 2042 331 2107 nubit
353 2043 488 2120 totiens,
511 2064 578 2106 non
599 2043 706 2108 nubit:
731 2044 878 2108 adultera
900 2045 973 2129 lege
997 2049 1054 2108 est.

167 2130 319 2196 Offendor
341 2131 475 2195 moecha
499 2131 696 2214 simpliciore
720 2131 835 2197 minus.

533 2269 622 2335 VIII.

120 2379 291 2443 Praetores
322 2378 398 2461 duo,
422 2380 574 2462 quattuor
596 2377 733 2461 tribuni,

122 2465 253 2550 Septem
276 2467 440 2546 causidici,
459 2465 573 2530 decem
594 2470 710 2548 poetae

121 2554 297 2620 Cuiusdam
319 2555 413 2619 modo
437 2554 568 2638 nuptias
590 2554 746 2638 petebant

120 2643 151 2707 A
176 2643 315 2728 quodam
339 2664 422 2707 sene.
459 2641 534 2706 Non
556 2646 701 2706 moratus
724 2642 781 2707 ille

94 2730 276 2796 sPraeconi
299 2731 386 2795 dedit
407 2730 537 2816 Eulogo
560 2730 712 2815 puellam.

121 2820 194 2905 Dic,
215 2819 371 2903 numquid
392 2819 496 2902 fatue,
520 2817 649 2902 Severe,
672 2818 772 2882 fecit?

905 2326 940 2392 s

550 2959 606 3025 IX.

119 3067 159 3130 In
179 3065 377 3151 Pompeiano
402 3066 536 3149 dormis,
559 3065 712 3148 Laevine,
735 3066 878 3130 theatro:
912 3050 936 3084 ’ἴ

164 3156 209 3220 Et
232 3155 387 3239 quereris,
410 3155 439 3219 si
462 3160 495 3219 te
519 3156 653 3220 suscitat
675 3155 843 3220 Oceanus?

557 3295 597 3361 X.

119 3403 228 3467 Pauca
249 3401 360 3467 Iovem
382 3423 485 3486 nuper
508 3425 580 3466 cum
604 3402 694 3465 milia
716 3400 799 3464 forte
822 3423 985 3486 rogarem,
1057 3420 1058 3424 ’

163 3490 241 3574 ,dlle
265 3489 374 3555 dabit“
396 3490 477 3553 dixit
499 3492 573 3573 „qui
595 3490 676 3553 mihi
699 3491 820 3573 templa
842 3489 956 3554 dedit.“

120 3579 256 3664 Templa
280 3579 407 3662 quidem
431 3578 518 3641 dedit
540 3579 595 3642 ille
617 3577 701 3659 Iovi,
725 3578 781 3640 sed
803 3577 894 3641 milia
915 3578 1009 3641 nobis

163 3666 263 3731 Nulla
286 3666 386 3731 dedit:
406 3665 522 3754 pudet,
545 3666 603 3755 ah,
623 3687 733 3754 pauca
750 3664 1047 3752 rogassetouem.

88 3787 91 3791 ⁴
115 3778 196 3819 niae,
939 3771 961 3818 s
