2408 4132
129 439 171 504 88
195 449 196 452 ’
453 437 490 494 M.
509 437 591 494 VAL.
610 436 809 493 MARTIALIS

146 598 238 665 aSeu
261 600 384 664 lentum
408 621 536 665 ceroma
559 601 637 665 teris
660 600 842 683 tepidumve
864 600 1009 685 trigona,

218 687 293 752 Sive
315 687 470 771 harpasta
493 710 588 754 manu
612 688 838 773 pulverulenta
858 689 960 772 rapis,

171 775 308 840 Plumea
330 797 387 840 seu
409 776 476 841 laxi
498 777 631 862 partiris
654 777 796 860 pondera
818 775 921 858 follis,

218 862 290 928 Sive
314 865 418 929 levem
440 887 535 929 eursu
557 866 683 930 vincere
707 865 835 948 quaeris
858 864 970 929 Athen
990 900 1028 910 —

172 950 222 1016 Ne
245 951 391 1016 madidos
414 954 515 1016 intret
536 953 735 1038 penetrabile
756 952 861 1037 frigus
883 952 918 1016 in
940 955 1044 1035 artus,

109 1088 111 1093 ,
131 1055 163 1103 10
218 1038 308 1105 Neve
332 1041 441 1123 gravis
464 1041 574 1105 subita
595 1045 628 1105 te
650 1045 777 1126 premat
799 1040 862 1106 Iris
885 1062 977 1123 aqua.

91 1145 100 1162 ·
144 1202 147 1206 Α
173 1126 305 1192 Ridebis
327 1132 443 1192 ventos
465 1129 527 1194 hoo
551 1151 682 1194 munere
704 1132 809 1194 tectus
832 1132 865 1192 et
888 1129 1022 1193 imbresz

216 1214 285 1280 Nee
308 1216 355 1280 sio
378 1216 412 1280 in
434 1215 533 1301 Tyria
556 1218 690 1282 sindone
712 1221 802 1282 tutus
826 1218 898 1282 eris.
951 1253 954 1260 ·

594 1375 664 1441 XX.

173 1478 261 1543 Dicit
283 1500 318 1544 se
340 1480 499 1565 vetulam,
522 1504 596 1546 oum
618 1484 663 1546 sit
685 1480 844 1547 Caerellia
865 1502 965 1565 pupa:

209 1567 341 1651 ,Pupam
366 1591 400 1633 se
424 1569 502 1634 dicit
524 1569 642 1655 Gellia,
665 1592 736 1634 oum
761 1569 804 1633 sit
827 1591 916 1633 anus.

173 1652 269 1719 Ferre
290 1677 350 1721 neo
371 1657 455 1722 hano
478 1658 597 1743 possis,
620 1659 740 1741 possis,
763 1655 902 1741 Collina,
924 1677 983 1722 nee
1004 1657 1111 1723 illam:

218 1744 332 1809 Altera
355 1745 492 1810 ridicula
514 1750 578 1831 est,
601 1747 706 1811 altera
726 1745 883 1831 putidula.

586 1903 674 1971 XXI.

171 2007 291 2073 Nullos
314 2031 384 2076 esse
408 2010 497 2094 deos,
519 2011 614 2075 inane
637 2012 762 2076 eaelum

172 2096 327 2163 Affirmat
349 2097 479 2183 Segius:
502 2100 697 2184 probatque,
719 2098 806 2184 quod
829 2120 863 2164 se

171 2185 321 2272 Factum,
344 2188 420 2253 dum
442 2194 543 2275 negat
564 2189 639 2267 hoe,
661 2189 750 2254 ridet
770 2189 911 2254 beatum.
952 2235 954 2239 «

578 2347 684 2413 XXII.

171 2449 298 2517 Primos
321 2475 418 2537 passa
441 2458 531 2519 toros
556 2457 589 2518 et
612 2454 715 2518 adhuc
738 2453 896 2537 placanda
918 2452 1035 2518 marito

216 2539 375 2606 Merserat
398 2543 432 2606 in
453 2541 576 2606 nitidos
600 2563 635 2606 se
658 2539 832 2625 Cleopatra
854 2541 956 2622 lacus,

172 2626 259 2691 Dum
280 2628 366 2713 fugit
384 2630 561 2712 amplexus.
590 2627 652 2694 Sed
670 2630 812 2712 prodidit
834 2629 920 2695 unda
942 2630 1112 2715 latentem3

216 2715 372 2801 limabat,
395 2719 474 2782 totis
498 2739 571 2782 oum
594 2720 757 2801 tegeretur
780 2719 886 2802 aquis:

146 2800 311 2868 aCondita
334 2805 381 2868 sio
403 2827 485 2887 puro
508 2809 718 2870 numerantur
741 2805 812 2870 lilia
832 2807 932 2890 vitro,

217 2889 270 2955 Sia
292 2892 442 2976 prohibet
465 2893 571 2957 tenuis
595 2913 722 2977 gemma
744 2893 846 2958 latere
868 2916 970 2960 rosas.

172 2977 287 3043 Insilui
310 2989 498 3064 mersusque
520 2980 611 3046 vadis
634 2981 793 3045 luctantia
815 2983 920 3065 carpsi

216 3065 330 3132 Basia:
352 3071 539 3154 perspicuae
562 3069 636 3152 plus
659 3070 808 3134 vetuistis
832 3092 944 3155 aquae.

572 3226 693 3293 XXIII.

172 3331 258 3396 Dum
280 3335 318 3396 tu
340 3332 430 3397 lenta
452 3331 550 3397 nimis
573 3335 689 3418 diuque
713 3336 855 3419 quaeris,

173 3419 252 3494 Quis
274 3421 399 3504 primus
422 3420 483 3485 tibi
506 3423 616 3505 quisve
640 3423 683 3487 sit
706 3425 863 3488 secundus

173 3506 308 3572 Graium
331 3531 411 3593 quos
435 3509 637 3594 epigramma
659 3513 873 3594 comparavit:

170 3594 319 3662 Palmam
344 3595 578 3682 Callimachus,
600 3599 731 3683 Thalia,
754 3601 792 3664 de
816 3622 851 3664 se

147 3683 325 3750 aFaeundo
350 3685 438 3750 dedit
460 3688 529 3770 ipse
551 3686 723 3760 Brutiano„

167 3771 233 3846 Qui
252 3774 285 3836 si
308 3771 465 3861 Cecropio
488 3780 580 3842 satur
602 3777 711 3864 lepore
