2408 4132
354 471 651 530 EPIGRAMMAI'ON
667 473 734 530 LlB.
753 473 801 529 XI.
1017 475 1082 540 269

546 633 615 699 LII.

123 738 260 807 Cenabis
283 740 381 824 belle,
402 739 465 804 Iuli
489 738 638 823 Cerialis,
662 741 748 827 apud
770 763 836 825 me3

168 827 320 894 Condicio
344 832 394 893 est
416 828 531 893 melior
554 830 583 893 si
605 829 668 893 tibi
690 829 794 908 nulla,
816 830 899 894 veni.

124 916 280 983 Octavam
301 916 424 1001 poteris
448 937 588 1003 servare,
611 917 793 982 lavabimur
816 939 894 982 una:

169 1005 253 1090 Scis,
276 1027 373 1089 quam
396 1006 462 1069 sint
485 1003 641 1088 Stephani
663 1005 781 1071 balnea
802 1006 913 1070 iuncta
936 1005 1025 1070 mihi.

97 1095 233 1160 5Prima
255 1093 316 1158 tibi
339 1093 468 1158 dabitur
490 1093 597 1158 ventri
620 1095 744 1159 lactuca
767 1095 924 1159 movendo

166 1181 280 1264 Utilis,
303 1185 336 1246 et
358 1183 465 1267 porris
486 1182 544 1246 fila
566 1185 690 1247 resecta
713 1182 793 1267 suis,

123 1271 200 1336 Mox
225 1274 315 1336 vetus
339 1272 372 1334 et
393 1270 485 1335 tenui
507 1270 610 1336 maior
633 1270 766 1355 cordyla
788 1271 925 1355 lacerto,

169 1357 231 1423 Sed
254 1380 352 1442 quam
374 1380 446 1423 oum
469 1361 560 1422 rutae
581 1358 750 1423 frondibus
774 1381 836 1424 ova
857 1363 985 1444 tegant3

124 1447 237 1512 Altera
258 1468 325 1511 non
348 1446 482 1510 deerunt
503 1447 593 1511 tenui
614 1451 745 1511 versata
766 1446 894 1530 favilla,

83 1552 114 1601 10
168 1535 215 1600 Et
235 1532 429 1600 Velabrensi
452 1556 561 1600 massa
582 1541 693 1600 coacta
714 1534 801 1620 foco,

124 1623 170 1689 Et
193 1645 273 1708 quae
295 1622 448 1688 Picenum
473 1627 642 1688 senserunt
662 1623 766 1708 frigus
790 1623 903 1689 olivae.

168 1712 257 1776 Haec
280 1712 359 1776 satis
381 1712 417 1776 in
439 1714 546 1796 gustu.
583 1710 698 1776 Cetera
719 1733 816 1776 nosse
839 1712 952 1796 cupis?

124 1800 277 1878 Mentiar,
300 1803 337 1864 ut
358 1800 481 1866 venias:
504 1800 621 1885 pisces,
645 1801 824 1886 conchylia,
848 1822 961 1866 sumen

168 1888 214 1952 Et
236 1887 359 1952 chortis
383 1893 510 1953 saturas
534 1893 629 1973 atque
651 1889 779 1973 paludis
803 1911 892 1973 ares,

83 1993 114 2043 15
126 1977 215 2054 Quae
237 1998 297 2041 nec
321 1974 424 2041 Stella
447 1978 530 2041 solet
551 1999 626 2041 rara
647 1977 711 2041 nisi
732 1999 852 2062 ponere
875 1999 961 2042 cena.

168 2064 247 2129 Plus
270 2085 331 2150 ego
354 2064 521 2148 polliceor:
544 2065 592 2129 nil
615 2065 757 2129 recitabo
780 2066 855 2148 tibi,

123 2152 199 2237 Ipse
221 2156 294 2219 tuos
316 2152 411 2217 nobis
434 2153 561 2238 relegas
584 2152 662 2217 licet
682 2175 784 2236 usque
807 2152 981 2239 Gigantas,

169 2241 258 2306 Rura
279 2241 332 2306 rel
356 2244 486 2318 aeterno
509 2241 658 2324 proxima
678 2239 835 2324 Vergilio.

538 2379 624 2445 LIII.

127 2487 262 2555 Claudia
284 2485 441 2553 caeruleis
465 2507 537 2550 cum
561 2487 604 2551 sit
626 2485 745 2551 Rufina
768 2485 935 2552 Britannis

170 2576 282 2657 Edita,
306 2597 403 2659 quam
425 2572 539 2639 Latiae
561 2579 693 2659 pectora
716 2575 823 2661 gentis
847 2575 958 2641 habet!

127 2665 230 2742 Quale
253 2664 348 2728 decus
370 2662 508 2727 formae!
544 2663 723 2729 Romanam
747 2663 873 2729 eredere
898 2666 1018 2728 matres

170 2752 303 2818 Italides
325 2756 474 2836 possunt,
497 2749 650 2816 Atthides
675 2773 744 2817 esse
767 2773 867 2817 suam.

101 2840 170 2906 5Di
192 2841 286 2924 bene,
311 2840 396 2924 quod
419 2843 530 2905 sancto
553 2840 678 2924 peperit
703 2841 837 2906 fecunda
859 2840 992 2924 marito,

172 2928 263 3005 Quod
286 2932 396 3013 sperat
418 2949 553 3015 generos
578 2928 724 3013 quodque
747 2929 855 3014 puella
877 2950 987 2995 nurus.

128 3015 180 3082 Sic
202 3019 331 3100 placeat
354 3018 491 3101 superis,
513 3020 551 3080 ut
574 3017 709 3103 coniuge
733 3018 873 3104 gaudeat
896 3039 959 3082 uno

170 3105 216 3169 ns
240 3126 367 3189 semper
388 3106 476 3170 natis
500 3105 640 3191 gandeat
662 3106 720 3170 illa
741 3106 854 3171 tribus.

546 3262 629 3329 LIV.

127 3368 302 3455 Unguenta
325 3373 358 3435 et
381 3369 484 3434 casias
508 3373 541 3434 et
564 3370 707 3434 olentem
728 3367 841 3432 funera
864 3367 1029 3451 myrrham

172 3457 321 3542 Turaque
345 3457 511 3523 demedio
535 3458 760 3523 semicremata
782 3476 862 3541 rogo

127 3546 173 3610 Et
196 3569 279 3631 quae
302 3547 339 3612 de
363 3545 476 3632 Stygio
500 3546 637 3629 rapuisti
659 3545 808 3610 cinnama
829 3544 928 3627 lecto,

170 3634 323 3720 Inprobe,
347 3634 385 3698 de
408 3635 510 3718 turpi,
534 3633 635 3719 Zoilo,
657 3633 754 3697 redde
778 3633 858 3697 sinu.

101 3721 159 3788 uA
181 3722 316 3807 pedibus
340 3723 477 3787 didicere
499 3744 614 3787 manus
637 3742 768 3805 peceare
791 3724 970 3806 protervae.

171 3809 248 3876 Non
270 3811 371 3876 miror
392 3810 509 3898 furem,
532 3810 590 3898 qui
609 3809 776 3898 fugitiuus
799 3831 889 3876 eras.
