2408 4132
350 354 646 428 narsnmmnou
664 356 770 412 crau
845 394 848 401 .

73 514 177 581 5Non
199 520 337 603 possunt
360 518 427 582 sine
451 519 596 582 mentula
618 520 755 601 placere.

100 604 183 680 Quid
207 606 235 669 si
258 628 309 670 me
332 606 443 671 iubeas
467 605 678 671 talassionem

98 692 217 758 Verbis
242 694 345 758 dicere
367 716 432 758 non
455 694 665 758 talassionis?

101 780 179 857 Quis
202 780 347 847 Floralia
369 783 469 847 vestit
492 787 525 846 et
548 783 704 847 stolatum

98 869 267 934 Permittit
289 871 512 934 meretricibus
535 871 712 952 pudorem?

54 957 166 1027 10Lex
188 958 267 1022 haec
291 959 487 1023 carminibus
511 959 587 1023 data
610 963 661 1024 est
682 960 813 1043 iocosis,

37 1114 40 1121 ,
98 1045 150 1109 Ne
172 1047 313 1129 possint,
335 1047 400 1110 nisi
421 1047 584 1131 pruriant,
606 1048 725 1111 iuvare.

99 1134 207 1210 Quare
230 1135 377 1218 deposita
400 1135 572 1198 severitate

97 1221 218 1286 Parcas
242 1222 367 1287 lusibus
391 1227 424 1286 et
446 1223 525 1287 iocis
548 1242 715 1306 rogamus,

98 1309 168 1374 Nec
191 1315 334 1375 castrare
356 1312 438 1376 velis
461 1332 550 1376 meos
573 1311 712 1375 libellos.

55 1414 88 1463 15
100 1397 196 1463 Gallo
218 1399 346 1484 turpius
370 1403 421 1463 est
442 1399 525 1463 nihil
548 1399 676 1482 Priapo.

484 1557 636 1622 XXXVI

99 1663 147 1748 Si,
168 1664 311 1745 Lucane,
332 1665 395 1728 tibi
419 1664 470 1728 vel
498 1665 527 1728 si
549 1663 623 1744 tibi,
646 1661 753 1746 Tulle,
777 1662 930 1727 darentur

142 1752 260 1828 Qualia
281 1751 399 1816 Ledaei
421 1751 493 1816 fata
515 1752 658 1817 Lacones
681 1753 817 1836 habent,

97 1838 228 1904 Nobilis
250 1841 330 1905 haec
354 1844 439 1904 esset
461 1841 594 1924 pietatis
617 1841 687 1905 rixa
711 1841 849 1924 duobus,
938 1875 939 1879 =

143 1927 234 2003 Quod
256 1950 316 2011 pro
339 1927 441 1993 fratre
464 1931 547 1993 mori
569 1929 668 1992 vellet
691 1932 825 2012 uterque
847 1927 950 2013 prior,

71 2017 228 2082 5DIceret
250 2016 394 2080 infernas
417 2021 451 2080 et
474 2017 529 2101 qui
551 2016 640 2101 prior
662 2018 742 2080 isset
764 2017 805 2081 ad
827 2017 973 2080 umbras:

143 2103 243 2188 „Vive
266 2108 338 2188 tuo,
360 2105 474 2186 frater,
498 2108 658 2188 tempore,
680 2104 752 2169 vive
776 2104 875 2168 meo.“

477 2261 641 2326 XXXVII.

97 2367 231 2431 Ventris
255 2389 336 2447 onus
359 2367 491 2451 misero,
513 2389 571 2432 nec
593 2371 627 2432 te
650 2366 762 2452 pudet,
786 2367 905 2452 excipis
929 2390 1021 2452 auro,

141 2454 256 2539 Bassa,
278 2455 364 2520 bibis
388 2457 486 2520 vitro:
511 2455 616 2520 carius
640 2476 719 2541 ergo
743 2477 844 2520 cacas.

466 2613 650 2680 XXXVIII.

98 2719 199 2806 Quem
222 2719 339 2784 recitas
363 2740 453 2784 meus
477 2722 540 2798 est,
565 2741 583 2784 ο
606 2717 790 2802 Fidentine,
813 2718 957 2783 libellus:
1023 2780 1027 2787 ,
1052 2711 1184 2767 W‘sff

142 2806 205 2873 Sed
226 2809 312 2872 male
335 2830 409 2872 oum
430 2808 561 2890 recitas,
584 2807 699 2890 incipit
722 2828 791 2870 esse
814 2813 897 2872 tuus.
987 2788 1024 2854 s
1103 2901 1104 2904 Ἴ
1170 2875 1173 2884 ‚

483 2965 631 3031 XXXIX,
756 2985 922 3004 W,

97 3072 132 3139 Si
155 3074 229 3158 quis
253 3074 315 3138 erit
336 3094 428 3137 raros
452 3073 537 3137 inter
558 3072 933 3165 numeranduspamicos,

80 3164 83 3167 ’
142 3161 260 3238 Quales
284 3161 390 3244 prisca
412 3160 491 3224 fides
515 3161 666 3244 famaque
688 3161 897 3249 novitpanus,

68 3316 71 3321 ,
96 3247 132 3314 Si
155 3250 227 3334 quis
251 3249 424 3333 Cecropiae
448 3249 596 3313 madidus
619 3249 796 3332 Latiaeque·
816 3248 980 3312 Minervae

39 3326 67 3406 l*
140 3337 278 3403 Artibus
302 3343 335 3403 et
356 3360 433 3402 vera
456 3315 805 3422 simplicitatelbonus,

68 3424 131 3493 sSi
154 3428 226 3512 quis
251 3427 313 3491 erit
335 3427 416 3490 recti
439 3429 562 3508 custos,
585 3425 722 3488 mirator
744 3424 873 3489 honesti

138 3515 186 3581 lot
203 3514 287 3580 nihil
310 3536 428 3580 arcano
453 3514 508 3597 qui
531 3517 625 3598 roget
649 3517 711 3593 orel
725 3513 816 3595 deos,

78 3598 132 3669 'si
153 3602 228 3691 quis
250 3602 312 3668 erit
334 3622 473 3686 magnae
497 3602 652 3666 subnixus
675 3601 796 3667 robore
815 3601 956 3666 mentis:

99 3748 104 3756 .
133 3691 338 3779 Dafnem,
362 3690 392 3759 si
413 3713 482 3761 non
505 3692 562 3762 hic
584 3685 859 3784 Decianus‘erit.

903 3791 945 3848 γε»
