2408 4132
257 107 259 111 1
473 39 1063 77 W„

317 491 615 548 EPIGRAMMATON
632 492 699 548 LIB.
718 493 790 549 XIV.
994 491 1059 558 333

408 655 536 720 Patellav
554 655 706 720 eumuna,

95 752 190 817 Hanc
212 752 273 816 tibi
296 748 459 817 Cumanae
482 751 694 816 rubicundam
716 752 848 836 pulvere
871 756 977 817 terrae

139 840 335 925 Municipem
358 841 447 904 misit
470 843 560 905 caste
584 837 710 923 Sibylla
733 862 833 906 suom.

379 979 477 1046 CXV.
500 981 618 1046 Calices
640 982 735 1046 citrei.

94 1078 225 1162 Aspicis
248 1079 414 1164 ingenium
437 1076 520 1142 Nili:
544 1079 660 1162 quibus
684 1078 799 1144 addere
823 1079 918 1162 plura

139 1168 227 1231 Dum
250 1167 352 1252 cupit,
375 1166 418 1231 ah
442 1168 591 1258 quotiens
614 1167 755 1251 perdidit
778 1172 891 1232 auctor
914 1167 1008 1250 opus!

344 1306 457 1373 OXVI.
480 1308 612 1391 Luperco
633 1309 767 1373 nicorio.

97 1413 265 1498 Spoletina
287 1413 374 1479 bibis
397 1414 448 1477 vel
471 1412 589 1478 biensis
613 1413 742 1477 condita
765 1413 868 1478 cellis:
895 1411 897 1414 ’

140 1501 210 1577 Quo
234 1503 295 1567 tibi
318 1502 468 1568 decoctae
491 1502 600 1567 nobile
622 1501 728 1588 frigus
752 1502 875 1585 aquae?

508 1643 605 1709 Idem.

95 1739 171 1806 Non
193 1743 306 1824 potare
329 1741 451 1824 nivem,
475 1740 531 1804 sed
554 1762 672 1824 aquam
695 1743 809 1824 potare
832 1742 992 1804 recentem

141 1830 189 1893 De
211 1829 285 1894 nive
308 1832 492 1894 commenta
515 1833 565 1892 est
587 1829 756 1914 ingeniosa
780 1828 861 1893 sitis.

508 1969 605 2034 Idem.

95 2065 261 2130 Massiliae
285 2064 392 2129 fumos
416 2066 550 2131 miscere
572 2067 734 2131 nivalibus
757 2065 851 2130 undis

140 2154 253 2238 Parce,
275 2175 368 2239 puer,
392 2158 519 2218 constet
541 2176 583 2218 ne
605 2155 667 2218 tibi
688 2155 789 2238 pluris
814 2175 906 2238 aqua.
931 2151 933 2155 ’

422 2295 556 2360 Matella
577 2295 689 2375 fictilis.

96 2399 183 2465 Dum
205 2422 323 2485 poscor
345 2399 471 2484 crepitu
495 2400 672 2483 digitorum
695 2403 728 2464 et
751 2419 850 2463 verna
873 2402 1031 2479 moratur,

142 2488 168 2552 Ο
192 2489 340 2572 quotiens
362 2489 478 2574 paelex
500 2488 618 2553 culcita
640 2489 727 2553 facta
750 2509 822 2551 mea
845 2489 907 2552 est!

354 2627 449 2694 OXX.
472 2630 587 2713 Lipulc
609 2633 759 2713 arpeoteu.

97 2733 252 2810 Quamvis
275 2756 326 2799 me
350 2735 488 2820 ligulam
511 2735 621 2799 dicent
644 2734 830 2818 equitesque
853 2735 1039 2818 patresque,

142 2822 241 2888 Dicor
264 2823 305 2887 ab
328 2823 466 2889 indoctis
490 2823 615 2906 lingula
638 2821 869 2908 grammaticis.

487 2964 633 3030 Oecleere.

98 3070 177 3137 Sum
200 3071 316 3136 cocleis
339 3071 472 3155 habilis,
496 3072 551 3137 sed
574 3093 633 3136 nec
655 3071 765 3136 minus
785 3070 877 3135 utilis
901 3071 979 3136 ovis.

143 3159 308 3243 Numquid
331 3160 408 3245 scis,
429 3161 539 3246 potius
563 3183 619 3226 cur
641 3160 785 3225 cocleare
808 3159 927 3223 vocor?

429 3299 557 3366 CXXII.
580 3301 690 3366 Anuli.

97 3409 184 3473 Ante
206 3409 370 3493 frequens,
394 3407 450 3471 sed
470 3418 558 3472 nunc
579 3430 670 3472 rarus
693 3427 753 3471 nos
777 3403 877 3470 donat
899 3404 1028 3470 amicus.

143 3497 245 3582 Felix,
268 3497 319 3562 cui
342 3518 448 3561 comes
472 3499 610 3560 estnon
632 3494 756 3559 alienus
780 3514 885 3577 eques.

439 3636 677 3720 Dactyliotheca.

98 3741 202 3828 Saepe
225 3744 334 3830 gravis
359 3744 472 3828 digitis
496 3743 636 3807 elabitur
659 3742 776 3808 anulus
797 3740 927 3821 unctis,

142 3830 225 3897 Tuta
245 3855 318 3898 mea
341 3833 399 3898 fiet
424 3833 481 3900 sed
504 3836 564 3900 tua
587 3855 728 3922 gemma
745 3831 828 3897 auc.
