2408 4132
91 472 158 538 268
415 471 452 529 Μ,
471 471 552 527 VAL.
571 469 771 526 nnnrlnnls

136 633 200 699 Cur
222 656 281 700 nec
303 633 459 719 Pompeia
481 634 590 698 lentus
614 633 775 716 spatiatur
796 631 831 694 in
852 630 980 715 umbra,

179 721 248 787 Nec
270 722 354 806 petit
376 721 547 788 Inachidos
568 721 704 785 limina?
740 720 791 785 Ne
812 719 929 784 futuat.

109 807 201 876 eOur
223 809 477 876 Lacedaemonio
500 810 624 874 luteum
647 811 806 874 ceromate
829 828 944 892 corpus

180 898 350 963 Perfundit
372 898 480 985 gelida
501 895 660 984 Virgine?
696 895 746 962 Ne
768 895 886 960 futuat.

136 984 218 1052 Cum
240 987 286 1051 sic
309 986 439 1052 feminei
463 985 590 1071 generis
614 985 766 1070 contagia
788 985 882 1066 vitet,

180 1072 245 1140 Our
267 1075 363 1160 lingit
386 1096 525 1140 cunnum
546 1071 704 1138 Lattara?
741 1072 790 1138 Ne
812 1071 929 1136 futuat.

518 1205 666 1271 XLVIII.

136 1291 233 1359 Silius
255 1293 336 1359 haec
358 1294 470 1378 magni
492 1295 635 1359 celebrat
657 1296 866 1358 monumenta
887 1289 1048 1375 Maronis,

179 1383 297 1468 Iugera
318 1381 448 1447 facundi
471 1382 527 1467 qui
549 1381 712 1448 Ciceronis
735 1382 844 1446 habet.

135 1469 295 1535 Heredem
318 1470 547 1555 dominumque
570 1470 620 1536 sui
642 1470 798 1535 tumulive
821 1468 940 1534 larisve

180 1559 255 1625 Non
278 1557 378 1624 alium
400 1559 514 1623 mallet
535 1580 594 1624 nec
615 1558 707 1623 Maro
729 1579 789 1623 nec
811 1555 933 1623 Cicero.

135 1778 207 1843 Iam
229 1799 328 1863 prope
352 1777 496 1842 desertos
520 1779 641 1843 cineres
664 1781 698 1842 et
720 1780 832 1842 sancta
853 1775 996 1840 Maronis

180 1865 324 1931 Nomina
347 1866 403 1949 qui
425 1866 560 1950 coleret,
581 1887 703 1951 pauper
727 1869 759 1929 et
781 1886 864 1930 unus
887 1868 967 1929 erat.

138 1954 236 2021 Silius
260 1974 299 2018 en
321 1956 432 2018 tantae
456 1975 638 2020 succurrere
661 1952 785 2019 censuit
806 1953 953 2036 umbrae,

125 2058 131 2068 '
181 2041 278 2108 Silius
302 2045 335 2106 et
356 2044 477 2121 vatem,
498 2064 565 2108 non
587 2043 694 2107 minor
715 2042 798 2127 ipse,
821 2041 908 2108 colit.

575 2172 611 2238 L.

134 2261 237 2327 Nulla
259 2265 309 2327 est
331 2263 413 2327 hora
435 2262 497 2326 tibi
520 2285 584 2347 qua
605 2284 672 2327 non
694 2283 758 2346 me,
776 2261 899 2346 Phylli,
916 2259 1079 2327 furentem

181 2351 363 2435 Despolies:
386 2353 478 2415 tanta
500 2350 677 2415 calliditate
700 2350 799 2434 rapis.

136 2436 231 2504 Nunc
253 2440 362 2523 plorat
385 2438 514 2523 speculo
537 2439 637 2504 fallax
659 2438 778 2503 ancilla
800 2437 928 2521 relicto,

181 2525 316 2592 Gemma
337 2527 390 2592 vel
413 2549 432 2592 a
455 2526 557 2614 digit
538 2528 631 2593 orel
653 2527 740 2593 cadit
763 2547 839 2592 aure
861 2488 958 2612 lapis,

110 2614 229 2680 5Nunc
251 2614 373 2680 furtiva
394 2615 476 2680 lucri
498 2615 569 2680 fieri
591 2615 785 2701 bombycina
807 2617 958 2701 possunt,

179 2702 308 2768 Profert
294 2707 348 2768 tur
370 2701 480 2768 Oosmi
501 2724 586 2768 nunc
608 2703 690 2767 mihi
712 2704 815 2769 siccus
839 2724 937 2787 onyx,

136 2790 306 2875 Amphora
328 2811 414 2855 nunc
436 2791 559 2875 petitur
580 2791 667 2874 nigri
690 2791 816 2856 cariosa
836 2789 981 2874 Falerni,

179 2878 300 2963 Expiet
322 2880 359 2941 ut
381 2898 511 2942 somnos
535 2879 667 2962 garrula
690 2900 769 2966 saga
791 2882 879 2964 t;uos

135 2902 253 3031 Nuncp
239 2968 276 3029 ut
286 2986 391 3029 emam
405 2965 599 3049 grandemve
613 2966 727 3051 lupum
739 2968 917 3033 mullumve
931 2965 1099 3051 bilibrem,

95 3071 126 3121 ιο
180 3052 302 3117 Indixit
325 3074 436 3117 cenam
459 3052 547 3120 dives
570 3053 710 3155 amicat
696 3055 765 3119 tibi.

137 3139 187 3207 Sit
209 3141 313 3226 pudor
335 3144 368 3206 et
390 3140 521 3206 tandem
544 3141 613 3207 veri
634 3146 800 3228 respectus
823 3148 857 3208 et
880 3142 986 3228 aequi:

179 3228 275 3296 Nilt
260 3229 336 3315 tibi,
359 3227 485 3315 Phylli,
505 3251 603 3316 nego,
624 3231 673 3295 nil
695 3230 789 3317 mihi,
811 3231 933 3316 Phylli,
954 3251 1049 3316 nega.

568 3359 622 3425 LI

136 3450 315 3516 Tantat
265 3453 315 3514 est
337 3472 419 3534 quae
442 3449 527 3516 Titio
551 3449 701 3515 columna
724 3449 855 3535 pendet,

137 3538 300 3615 Quantam
322 3537 531 3623 Lampsaciae
555 3539 666 3604 colunt
688 3539 824 3621 puellae.

135 3625 198 3693 Hic
220 3628 312 3692 nullo
336 3627 512 3692 comitante
533 3647 592 3691 nec
615 3626 754 3692 molesto

136 3714 286 3780 Thermis
309 3714 486 3801 grandibus
510 3718 542 3780 et
564 3714 631 3781 suis
654 3715 790 3780 lavatur.

91 3802 278 3890 cAnguste
303 3802 411 3872 Titius
435 3808 549 3873 tamen
569 3803 712 3871 laxatur.
