2408 4132
350 308 648 365 EPIGRAMMATON
666 310 732 365 LIB.
751 310 785 364 V.
1012 311 1074 373 111

520 471 624 536 XVII.

112 577 197 641 Dum
221 599 361 661 proavos
386 581 563 662 atavosque
577 577 687 642 refers
711 583 744 643 et
766 579 898 642 nomina
921 601 1053 665 magna,

155 666 243 730 Dum
267 666 329 728 tibi
351 670 463 729 noster
487 688 583 749 eques
608 665 736 731 sordida
759 667 902 732 condicio
926 677 988 751 est,
1030 719 1032 722 Α

111 754 198 819 Dum
222 759 255 818 te
277 775 374 838 posse
396 776 497 839 negas
520 755 584 818 nisi
607 755 689 837 late,
713 753 832 839 Gellia,
856 756 947 821 clavo

155 842 301 925 Nubere,
323 843 478 926 nupsisti,
502 841 621 926 Gellia,
645 843 804 908 cistibero.

509 999 630 1066 XVIII.

112 1106 205 1182 Quod
228 1106 290 1171 tibi
312 1105 485 1171 Decembri
508 1129 631 1190 mense,
655 1129 718 1190 quo
742 1108 855 1173 volant
879 1127 1022 1193 mappae*

112 1193 320 1278 Gracilesque
344 1196 465 1280 ligulae
489 1196 635 1280 cereique
659 1196 854 1279 chartaeque

111 1283 157 1347 Et
181 1288 275 1348 acuta
299 1285 429 1349 senibus
451 1286 539 1348 testa
562 1305 635 1348 cum
657 1283 880 1369 Damascenis,
915 1288 917 1292 ⁴
1016 1312 1020 1320 ·

110 1371 246 1435 Praeter
268 1372 396 1437 libellos
420 1372 570 1436 vernulas
593 1373 674 1436 nihil
698 1373 785 1453 misi,

85 1459 266 1525 cFortasse
287 1483 406 1543 avarus
429 1458 539 1525 videar
561 1465 618 1525 aut
640 1461 844 1552 inhumanus.
893 1534 896 1540 ¹
960 1520 968 1532 ,
1027 1535 1031 1540 ,
1119 1535 1123 1547 1

69 1566 71 1572 ’
112 1548 173 1612 Odi
197 1549 325 1613 dolosas
348 1571 518 1613 munerum
542 1553 575 1613 et
597 1545 701 1613 malas
725 1554 825 1614 artes:

111 1635 287 1701 Imitantur
309 1638 422 1701 hamos
446 1638 545 1726 dona:
567 1660 708 1721 namque
732 1639 803 1721 quis
826 1639 943 1720 nescit,

112 1724 254 1790 Avidum
277 1729 394 1790 vorata
417 1725 521 1808 decipi
544 1748 672 1793 scarum
694 1731 826 1797 musca?

112 1813 268 1888 Quotiens
293 1814 396 1878 amico
420 1814 514 1879 diviti
536 1815 618 1879 nihil
642 1815 756 1898 donat,

69 1901 140 1967 100
165 1901 352 1986 Quintiane,
375 1903 520 1966 liberalis
545 1907 594 1967 est
616 1924 747 1987 pauper.

529 2043 615 2108 XIX.
731 2078 739 2091 ·>

114 2148 148 2215 Si
173 2171 236 2234 qua
258 2150 339 2214 fides
362 2150 462 2231 veris,
484 2148 655 2234 praeferri,
678 2149 818 2213 maxime
841 2148 972 2232 Caesar,

155 2238 368 2322 Temporibus
391 2241 529 2321 possunt
552 2237 681 2301 saecula
702 2238 794 2301 nulla
816 2238 890 2301 tuis.

112 2325 246 2402 Quando
271 2326 376 2410 magis
400 2326 516 2411 dignos
538 2326 632 2391 ficuit
655 2330 800 2408 spectare
823 2322 1029 2409 triumphos?

157 2415 293 2490 Quando
317 2414 459 2478 Palatini
480 2414 555 2498 plus
579 2436 723 2479 meruere
748 2414 820 2478 dei?

84 2503 280 2568 5Pulchrior
303 2506 336 2568 et
358 2503 548 2587 maiorque
572 2503 631 2566 sub
656 2502 734 2567 duce
757 2502 876 2566 Martia
899 2502 1024 2566 Roma?

54 2620 56 2626 ·
156 2590 221 2657 Sub
246 2613 309 2675 quo
332 2591 467 2656 libertas
489 2591 633 2675 principe
656 2595 750 2655 tanta
772 2590 856 2655 fuit?

110 2679 173 2745 Est
187 2685 298 2744 tamen
315 2680 378 2745 hoc
396 2679 525 2762 vitium,
544 2679 684 2744 sednon
702 2679 784 2763 leve,
804 2679 848 2753 sit
865 2680 941 2745 licet
959 2701 1079 2762 unum,

156 2768 247 2844 Quod
272 2769 350 2832 colit
371 2769 519 2854 ingratas
542 2789 665 2852 pauper
688 2768 857 2834 amicitias.

111 2856 191 2932 Quis
215 2856 353 2942 largitur
376 2879 454 2939 opes
476 2858 578 2922 veteri
600 2857 727 2940 fidoque
751 2856 868 2940 sodali,

68 2962 100 3009 10
155 2944 223 3008 Aut
246 2967 341 3028 quem
363 2945 571 3029 prosequitur
593 2966 659 3009 non
682 2945 805 3009 alienus
829 2947 948 3029 eques?

112 3031 344 3098 Saturnaliciae
367 3035 504 3116 ligulam
527 3033 654 3098 misisse
678 3034 816 3097 selibrae

153 3120 181 3186 E
205 3122 362 3186 lamnisve
386 3123 468 3206 Tagi
492 3123 633 3206 scripula
656 3126 727 3189 tota
750 3123 859 3186 decem

109 3209 252 3274 Luxuria
275 3214 338 3294 est,
360 3210 539 3295 tumidique
561 3215 679 3275 vocant
704 3210 784 3274 haec
810 3231 944 3273 munera
966 3230 1072 3294 reges:

155 3296 216 3373 Qui
240 3302 349 3383 crepet
372 3299 535 3381 aureolos,
557 3298 696 3362 forsitan
719 3320 801 3362 unus
825 3300 895 3362 erit.

67 3403 99 3451 15
110 3384 276 3461 Quatenus
298 3387 334 3451 hi
357 3409 421 3452 non
445 3393 533 3465 sunt,
557 3391 625 3451 esto
649 3391 699 3469 tu,
722 3384 854 3469 Caesar,
878 3387 1014 3450 amicus:

153 3474 255 3539 Nulla
279 3475 368 3540 ducis
391 3477 495 3539 virtus
519 3475 644 3539 dulcior
667 3495 736 3538 esse
759 3477 877 3556 potest.

108 3563 178 3628 Iam
203 3563 323 3628 dudum
346 3564 448 3627 tacito
470 3563 570 3638 rides,
594 3561 796 3645 Germanice,
819 3583 911 3644 naso,

153 3650 243 3717 Utile
267 3651 352 3737 quod
374 3651 470 3718 nobis
494 3651 535 3718 do
557 3650 625 3717 tibi
646 3649 836 3716 consilium.
