2408 4132
347 339 640 399 EPIGRAMMATON
657 344 724 400 LIB.
743 345 788 401 IX
1007 346 1071 411 219
1135 405 1138 410 .

498 502 643 568 LXXVI.

107 608 198 676 Haec
222 610 296 671 sunt
318 607 376 671 illa
399 607 462 672 mei
485 630 566 692 quae
589 609 719 674 cernitis
743 632 800 675 ora
823 609 970 694 Camoni,

154 695 242 760 Haeo
265 696 356 778 pueri
378 695 477 760 facies
501 698 670 781 primaque
693 698 797 763 forma
819 699 890 763 fuit.

109 783 264 850 Creverat
285 783 337 849 hic
359 784 469 848 vultus
493 785 543 848 bis
566 785 656 849 denis
678 786 796 851 fortior
818 787 924 870 annis,

154 871 386 955 Gaudebatque
409 894 484 936 suas
507 875 642 959 pingere
665 875 767 939 barba
790 896 903 960 genas,

83 961 154 1026 ane
177 960 281 1024 libata
303 960 402 1024 semel
425 982 567 1025 summos
591 961 687 1027 modo
710 985 853 1047 purpura
876 964 998 1028 cultros

154 1047 336 1132 Sparserat:
359 1047 475 1113 invidit
498 1049 537 1113 de
560 1051 665 1114 tribus
689 1073 753 1115 una
776 1072 868 1116 soror

109 1137 156 1201 Et
177 1135 341 1201 festinatis
364 1136 479 1200 incidit
502 1138 642 1202 stamina
664 1139 786 1223 pensis,

153 1225 393 1308 Absentemque
416 1226 503 1308 patri
525 1222 653 1290 rettulit
675 1249 757 1290 urna
779 1248 904 1312 rogum.

110 1311 172 1377 Sed
193 1334 234 1376 ne
258 1312 328 1377 sola
350 1316 461 1376 temen
482 1335 617 1397 puerum
639 1315 767 1399 pictura
789 1315 954 1400 loquatur,

67 1418 99 1467 ιο
153 1399 243 1465 Haec
265 1400 327 1464 erit
349 1400 383 1464 in
407 1400 528 1465 chartis
552 1402 655 1466 maior
677 1403 786 1489 imago
809 1404 898 1469 meis.

487 1541 649 1609 LXXVII.

110 1647 203 1725 Quod
226 1648 385 1732 optimum
409 1648 452 1713 sit
475 1650 619 1733 disputat
642 1649 822 1715 convivium

154 1736 305 1802 Facunda
328 1737 431 1801 Prisci
453 1743 588 1823 pagina,

108 1824 155 1888 Et
177 1826 279 1889 multa
301 1824 400 1908 dulci,
423 1826 526 1890 multa
549 1827 681 1891 sublimi
703 1827 814 1911 refert,

154 1911 216 1977 Sed
239 1916 354 1978 cuncta
376 1913 471 1977 docto
494 1917 634 1998 pectore.

82 1999 201 2076 eQuod
224 2002 384 2085 optimum
397 1998 451 2064 'sit
473 2002 627 2085 quaeritis
651 2003 857 2068 convivium?

152 2087 279 2174 Inque
303 2089 470 2154 choraules
493 2111 561 2154 non
584 2091 654 2154 erit.

478 2246 659 2312 LXXVIII.

108 2352 235 2417 Funera
256 2357 332 2437 post
355 2357 479 2437 septem
502 2353 613 2437 nupsit
636 2352 698 2419 tibi
722 2351 817 2417 Galla
839 2352 995 2436 virorum,

152 2440 331 2508 Picentino:
356 2441 447 2526 sequi
470 2442 553 2525 vult,
577 2445 670 2526 puto,
694 2440 789 2506 Galla
811 2441 906 2507 viros.

493 2599 639 2664 LXXIX.

108 2705 228 2771 Oderat
250 2710 325 2771 ante
349 2707 464 2773 ducum
486 2706 627 2771 famulos
650 2705 844 2791 turbamque
867 2705 1008 2791 priorem

153 2794 198 2858 Et
219 2794 406 2860 Palatinum
429 2795 536 2860 Roma
558 2795 779 2879 supercilium:

109 2882 155 2947 At
177 2905 262 2949 nunc
279 2887 390 2948 tantus
409 2906 501 2949 amor
519 2884 657 2967 cunctis,
674 2881 837 2969 Auguste,
855 2886 985 2948 tuorum
1005 2887 1069 2964 est,

153 2970 199 3035 Ut
222 2973 266 3037 sit
289 2973 403 3057 cuique
426 2994 503 3037 suae
526 2994 603 3038 cura
626 2972 764 3036 secunda
787 2972 912 3036 domus.

81 3058 189 3123 eTam
211 3059 356 3144 placidae
380 3066 517 3144 mentes,
538 3063 633 3124 tanta
656 3065 705 3124 est
727 3059 907 3125 reverentia
929 3058 1046 3141 nostri,

153 3147 233 3212 Tam
255 3151 372 3233 pacata
395 3149 498 3232 quies,
521 3151 632 3212 tantus
655 3148 689 3212 in
713 3170 767 3213 ore
790 3146 902 3232 pudor.

108 3234 213 3301 Nemo
237 3258 313 3301 suos
333 3236 473 3302 -haec
496 3241 546 3301 est
569 3238 660 3301 aulae
681 3240 800 3299 natura
823 3236 967 3319 potentis
987 3272 1042 3317 -,

153 3322 216 3389 sed
240 3324 360 3389 domini
383 3347 489 3390 mores
513 3323 727 3390 Caesarianus
750 3323 858 3388 habet.

504 3482 630 3548 LXXX.

108 3588 254 3654 Duxerat
277 3590 420 3655 esuriens
443 3590 637 3672 locupletem
660 3610 782 3672 pauper
805 3609 977 3673 anumque:

67 3774 71 3784 1
151 3676 294 3743 Uxorem
313 3678 421 3764 pascit
444 3676 571 3744 Gellius
594 3682 627 3745 et
648 3677 763 3744 latuit.
