2408 4132
136 475 203 540 276
464 473 501 528 M.
520 473 599 531 VAL.
618 473 811 528 MARTIALIS

180 637 314 702 Viribus
337 635 403 717 hio,
427 636 516 718 operi
537 657 604 700 non
627 640 677 700 est
699 636 752 700 hie
774 635 863 699 utilis
887 635 994 700 annis:

224 724 315 810 Ergo
340 725 408 789 sine
432 725 544 788 effectu
568 724 674 809 prurit
696 724 824 808 utrique
848 723 950 787 labor.

154 810 321 896 ssupplex
343 812 402 876 illa
424 816 521 897 rogat
542 834 600 896 pro
625 834 660 877 se
682 812 872 896 miserisque
895 811 1034 896 duobus,

223 899 318 964 Hunc
339 900 487 965 iuvenem
509 900 622 984 facias,
645 900 743 979 hunc,
767 898 940 984 Cytherea,
962 899 1081 966 virum.

557 1092 719 1158 LXXXII.

179 1199 210 1263 A
234 1197 438 1264 Sinuessanis
463 1199 598 1264 conviva
619 1198 838 1263 Philostratus
861 1199 955 1263 undis

224 1286 426 1353 Conductum
449 1291 596 1371 repetens
620 1291 714 1352 noete
737 1287 868 1352 iubente
890 1287 991 1352 larem

178 1375 285 1440 Paene
308 1376 454 1440 imitatus
478 1377 548 1440 obit
570 1376 672 1440 saevis
695 1373 859 1457 Elpenora
880 1375 974 1458 fatis,

223 1462 381 1549 Praeceps
405 1486 463 1548 per
485 1464 601 1549 longos
625 1463 700 1528 dum
723 1464 790 1527 ruit
812 1485 914 1547 usquc
938 1463 1069 1548 gradus.

154 1549 256 1616 oNon
279 1556 377 1636 esset,
399 1551 585 1636 Nymphae,
607 1556 676 1617 tam
699 1572 819 1637 magna
847 1551 990 1635 pericula
1011 1575 1145 1638 passus,

224 1639 257 1706 si
281 1640 388 1724 potius
411 1645 535 1705 vestras
558 1640 613 1705 illc
636 1641 774 1705 bibisset
797 1661 905 1725 aquas.

548 1813 726 1879 LXXXHI.

179 1919 283 1986 Nemo
306 1921 435 1985 habitat
458 1920 560 2005 gratis
584 1920 647 1984 nisi
671 1921 759 1985 dives
783 1924 816 1985 et
838 1922 936 1987 orbus
960 1923 1047 2006 apud
1071 1929 1115 1991 te.

225 2008 330 2074 Nemo
354 2008 485 2074 domum
508 2009 624 2093 pluris,
648 2006 828 2094 Sosibiane,
851 2012 947 2077 locat.

550 2202 727 2269 LXXXIV.

181 2307 243 2384 Qui
262 2309 406 2374 nondum
425 2307 556 2395 Stygias
580 2307 768 2374 descendere
791 2309 918 2392 quaerit
936 2309 976 2375 ad
995 2312 1146 2401 umbras,

228 2397 404 2463 Tonsorem
422 2398 541 2483 fugiat,
565 2398 592 2461 si
616 2397 713 2482 sapit,
736 2396 942 2463 Antiochum.
1057 2458 1061 2464 ,
1112 2423 1115 2427 ·

180 2483 268 2551 Alba
290 2487 396 2551 minus
420 2486 524 2550 saevis
547 2486 730 2550 lacerantur
752 2486 886 2550 brachia
909 2486 1035 2572 cultris,

225 2573 307 2639 Cum
328 2574 409 2638 furit
432 2574 473 2638 ad
495 2573 655 2660 Phrygios
679 2573 796 2639 enthea
818 2575 915 2639 turba
937 2575 1067 2663 modos3

155 2661 293 2728 aMitior
315 2662 490 2747 implicitas
514 2661 618 2728 Alcon
641 2665 729 2728 secat
752 2664 948 2728 enterocelas

224 2751 402 2835 Fractaque
425 2750 535 2815 fabrili
558 2751 689 2816 dedolat
712 2773 788 2826 ossa
809 2772 916 2816 manu.

181 2837 326 2902 Tondeat
348 2838 401 2903 hic
423 2838 535 2921 inopes
559 2837 699 2922 Cynicos
723 2843 756 2904 et
778 2835 890 2905 Stoica
912 2843 1024 2906 menta

226 2925 380 3008 Collaque
403 2926 557 3010 pulverea
578 2926 678 2991 nudet
700 2926 817 3010 equina
838 2928 923 2993 iuba.

180 3014 243 3080 Hic
265 3014 419 3078 miserum
443 3010 595 3098 Scythica
617 3015 676 3078 sub
699 3037 778 3099 rupe
799 3016 993 3082 Promethea
1015 3018 1129 3105 radat,

139 3118 171 3167 10
225 3102 415 3168 Carnificem
437 3100 523 3166 nudo
547 3105 677 3186 pectore
699 3107 811 3187 poscet
834 3126 939 3188 avem3

181 3190 234 3255 Ad
257 3194 394 3254 matrem
411 3189 517 3275 fugiet
534 3189 710 3275 Pentheus,
728 3190 769 3254 ad
787 3191 961 3259 Maenadas
981 3192 1147 3282 Orpheus,

225 3277 378 3343 Antiochi
400 3281 528 3343 tantum
551 3278 692 3343 barbara
713 3280 779 3344 tela
802 3285 925 3346 sonent

181 3365 269 3431 Haec
293 3387 499 3450 quaecunque
522 3388 594 3432 meo
618 3369 795 3432 numeratis
820 3371 975 3455 stigmata
996 3375 1125 3458 mento,

223 3452 264 3518 In
286 3455 386 3519 vetuli
408 3459 523 3539 pyctae
547 3455 657 3540 qualia
678 3456 786 3520 fronte
810 3457 935 3538 sedent,

138 3541 257 3607 lsNon
278 3541 440 3607 iracundis
461 3543 540 3608 feeit
562 3544 671 3629 gravis
695 3545 857 3630 unguibus
880 3568 974 3610 uxor:

225 3629 381 3697 Antiochi
403 3631 524 3696 ferrum
547 3637 597 3698 est
620 3636 653 3697 et
677 3633 834 3699 scelerata
855 3656 978 3698 manus.

44 3794 49 3802 ι
180 3716 271 3783 Unus
295 3719 333 3783 de
356 3721 480 3785 cunctis
504 3721 699 3786 animalibus
722 3721 831 3787 hircus
854 3722 954 3787 habet
976 3743 1047 3788 cor:

211 3806 385 3878 Barbatus
410 3808 509 3900 vivit,
531 3832 572 3881 ns
594 3809 683 3878 leuat
705 3808 911 3876 Antiochum.
