2408 4132
334 331 630 389 EPIGRAMMATON
647 333 714 391 LlB.
734 335 806 389 VIII.
895 294 896 298 Ἰ
1013 335 1074 400 193

87 495 229 579 aCurre,
253 515 327 580 age,
350 498 382 558 et
405 495 526 560 inlotos
549 517 680 580 revoca,
702 495 850 579 Calliste,
873 497 1052 579 ministros,

162 581 353 649 Sternantur
375 584 465 648 lecti:
489 582 683 666 Caeciliano,
708 585 789 649 sede.
886 637 888 639 .

117 672 251 738 Caldam
273 670 380 756 poscis
404 694 535 755 aquam:
562 672 705 736 nondum
728 673 809 736 mihi
831 672 950 758 frigida
971 675 1074 756 venit,

160 761 261 845 Alget
284 759 387 824 adhue
410 761 495 824 nudo
519 761 609 824 clusa
631 761 739 825 culina
760 761 842 826 foco.

116 849 211 914 Mane
233 848 308 912 veni
330 848 453 932 potius,
476 870 553 913 nam
576 871 632 914 cur
653 852 686 912 te
710 849 823 934 quinta
845 850 1011 914 moretur?

74 953 108 1002 ro
160 935 207 1002 Ut
229 937 346 1020 iantes,
370 957 454 1020 sero,
477 935 670 1021 Caeciliane,
692 937 792 1002 venis.

502 1076 649 1143 LXVIII.

118 1175 182 1252 Qui
205 1173 375 1258 Corcyraei
396 1173 479 1239 vidit
499 1175 647 1259 pomaria
669 1176 771 1261 regis,

72 1330 75 1338 ,
161 1264 242 1348 Rus,
260 1263 405 1346 Ilntelle,
428 1267 502 1327 tuae
524 1263 685 1348 praeferet
707 1264 765 1327 ille
788 1263 911 1330 domus.

117 1351 230 1416 Invida
252 1372 431 1436 purpureos
454 1354 529 1415 urat
550 1372 590 1414 ne
612 1350 728 1416 bruma
750 1373 894 1417 racemos

161 1440 206 1503 Et
227 1439 371 1525 gelidum
392 1439 514 1504 Bacchi
536 1460 669 1504 munera
690 1440 794 1525 lngus
818 1440 904 1524 edat,

89 1526 256 1593 cCondita
277 1527 447 1614 perspicua
469 1527 551 1592 vivit
573 1528 735 1592 vindemia
758 1549 901 1614 gemma,

160 1617 206 1681 Ilt
228 1617 348 1701 tegitur
370 1615 448 1679 felix
469 1637 529 1681 nec
551 1619 659 1680 tamen
682 1639 744 1682 uva
766 1617 860 1681 latet:

117 1703 305 1770 Femineum
327 1705 413 1768 lucet
436 1705 481 1769 sic
503 1727 560 1789 per
583 1705 776 1788 bombycina
799 1727 930 1789 corpus,

163 1791 311 1858 Calculus
334 1792 368 1856 in
390 1792 494 1856 nitida
517 1795 562 1858 sic
584 1792 773 1858 numeratur
796 1815 888 1877 aqua.

119 1879 202 1956 Quid
224 1902 291 1946 non
312 1880 443 1966 ingenio
467 1881 572 1945 voluit
593 1885 711 1946 natura
732 1882 851 1946 licere?

72 1984 109 2033 1o
162 1969 361 2035 Autumnum
385 1969 504 2033 sterilis
526 1969 610 2032 ferre
632 1969 760 2034 iubetur
782 1970 895 2034 hiems.

519 2107 633 2174 LXIX.

118 2206 323 2273 Mirarist
269 2210 323 2271 vet
325 2229 408 2290 eres,
429 2205 586 2289 Vacerra,
610 2207 710 2290 solos,

116 2294 186 2361 Nec
208 2296 321 2360 laudas
343 2296 407 2359 nisi
429 2297 574 2359 mortuos
599 2297 721 2377 poetas.
884 2359 889 2371 ,

117 2382 272 2467 Ignoscas
295 2383 449 2469 petimus,
472 2382 628 2447 Vacerra:
651 2381 736 2446 tanti

116 2471 267 2537 Nont
217 2475 281 2556 est,
302 2476 339 2536 ut
361 2473 506 2555 placeam
529 2471 591 2535 tibi
596 2472 741 2556 ,perire
844 2496 860 2543 r

526 2619 623 2686 LXX.

117 2717 246 2794 Quanta
269 2718 359 2803 quies
381 2718 514 2804 placidi,
538 2720 630 2782 tanta
653 2719 704 2782 est
725 2716 875 2782 facundia
897 2715 1036 2801 Nervae,

164 2806 227 2872 Sed
250 2807 379 2873 cohibet
401 2807 486 2872 vires
509 2807 736 2890 ingeniumque
759 2806 870 2893 pudor.

119 2894 199 2960 Cum
222 2896 340 2962 siccare
363 2917 487 2960 sacram
510 2896 604 2981 largo
625 2894 827 2960 Permessida
849 2898 961 2980 posset

163 2983 238 3069 Ore,
260 2985 474 3050 verecundam
496 2985 612 3048 maluit
636 3006 704 3048 esse
728 2984 830 3066 sitim,

88 3070 256 3137 aPieriam
280 3073 369 3138 tenui
391 3073 533 3137 frontem
555 3072 703 3136 redimire
727 3093 844 3137 corona

163 3159 354 3243 Contentus,
375 3160 481 3225 famae
504 3182 563 3225 nec
586 3161 661 3225 dare
684 3161 757 3225 vela
781 3181 865 3224 suae.

120 3247 182 3314 Sed
200 3253 314 3315 'tamen
331 3250 416 3314 hunc
434 3250 537 3314 nostri
556 3250 617 3314 seit
636 3249 791 3332 temporis
810 3268 879 3311 esse
898 3246 1075 3325 Tibullum,

163 3336 316 3405 Carmina
339 3339 394 3422 qui
416 3336 503 3402 docti
526 3341 604 3402 nota
627 3335 766 3401 Neronis
790 3336 898 3400 habet.

503 3486 632 3551 LXXI

115 3581 279 3661 Quattuor
301 3585 428 3671 argenti
450 3584 550 3649 libras
574 3582 655 3647 mihi
677 3587 823 3670 tempore
845 3582 981 3648 brumae

162 3672 361 3741 Misistit
305 3679 380 3738 aute
403 3695 518 3757 annos,
541 3671 773 3755 Postumiana,
794 3669 930 3751 necem,
1031 3677 1034 3684 “

140 3782 198 3827 aaa
921 3777 964 3824 re
