2408 4132
461 452 499 507 u.
517 452 598 507 vnn.
617 424 814 508 MARTIALIS

68 717 108 802 ,s
466 715 468 721 ·
550 684 731 750 LXXVIII.

180 792 281 857 Potor
302 791 438 874 nobilis,
460 789 559 875 Aule,
581 790 702 855 lumine
724 813 788 855 uno
909 790 941 862 ts

181 878 303 944 Luscus
326 879 437 963 Phryx
461 883 531 944 erat
555 879 721 963 alteroque
743 879 858 963 lippus.

180 966 263 1034 Huic
286 967 389 1033 Heras
413 968 555 1032 medicus
578 965 697 1049 „Bibas
720 972 844 1032 caveto:

179 1055 301 1120 Vinum
323 1056 352 1119 si
374 1055 507 1138 biberis,
530 1056 613 1120 nihil
635 1055 787 1120 videbis.“

154 1144 301 1208 allidens
322 1142 433 1227 Phryx
457 1144 550 1209 oculo
572 1142 744 1227 „Valebis“
766 1144 885 1228 inquit.¹

180 1232 310 1296 Misceri
332 1231 394 1295 sibi
415 1232 565 1315 protinus
588 1231 740 1313 deuncos,

52 1377 53 1380 ,
182 1320 244 1385 Sed
267 1321 396 1384 crebros
418 1320 519 1384 iubet.
554 1318 688 1384 Exitum
710 1319 869 1403 requiris?

180 1408 302 1473 Vinum
326 1407 451 1491 Phryx,
474 1408 585 1484 oculus
608 1409 694 1472 bibit
714 1429 880 1474 venenum.

564 1565 710 1631 LXXIX.

181 1672 296 1736 Tristis
320 1693 354 1736 es
377 1676 410 1735 et
432 1672 519 1736 felix.
556 1671 645 1737 Sciat
667 1673 729 1737 hoc
751 1670 896 1738 Fortuna
919 1677 1043 1739 caveto:

224 1760 393 1844 Ingratum
418 1759 502 1824 dicet
523 1763 569 1844 te,
592 1758 695 1844 Lupe,
719 1760 747 1824 si
770 1760 886 1824 scient

577 1917 703 1981 LXXX.

61 2041 64 2045 ’
106 2011 228 2111 „s'Ut
249 2046 334 2089 nova
357 2025 441 2089 dona
462 2023 537 2107 tibi,
560 2022 691 2107 Caesar,
714 2023 896 2089 Niloticat
881 2026 1040 2093 tc'llus

106 2069 160 2211 sl<
225 2112 360 2178 Miserat
383 2074 537 2177 hibernas,
559 2112 732 2176 ambitiosa
754 2134 856 2178 rosas.

112 2152 302 2265 Navita
325 2201 437 2266 derisit
460 2200 596 2302 Pharios
618 2199 847 2301 Memphiticus
869 2202 998 2286 hortos,

223 2289 324 2355 Urbis
346 2290 454 2355 utt
404 2294 454 2355 rnt
455 2289 539 2354 ravit
525 2289 676 2354 tlimina
698 2290 804 2372 prima
826 2293 914 2355 tuae:

157 2379 307 2443 sTantus
330 2377 415 2442 reris
437 2379 540 2443 honos
564 2381 597 2443 et
620 2378 738 2442 odorae
761 2378 869 2461 gratia
890 2377 1017 2463 Florae,

225 2465 395 2551 Tantaque
417 2465 569 2531 Paestani
592 2466 802 2551 gloriareris
826 2469 909 2550 erat3

184 2554 236 2619 Sic
258 2576 446 2639 quacunque
464 2575 566 2638 vagus
586 2575 795 2639 gressumque
813 2554 987 2639 oculosque
1005 2553 1146 2637 ferebat,

227 2642 413 2708 Tonsilibus
437 2645 532 2708 sertis
556 2665 652 2707 omne
674 2643 812 2708 rubebat
833 2643 904 2708 iter.

182 2731 228 2796 At
251 2735 287 2794 tu
308 2730 474 2796 Romanae
497 2731 603 2796 iussus
626 2732 692 2796 iam
715 2731 826 2796 cedere
849 2720 1010 2816 brumae,

140 2835 172 2882 10
225 2817 320 2882 Mitte
343 2822 416 2882 tuas
439 2841 574 2903 messes,
597 2821 718 2904 accipe,
741 2818 831 2905 Nile,
853 2841 952 2885 rosas.

569 2976 713 3042 LXXXI.

182 3082 291 3145 Iratus
315 3083 470 3164 tanquam
493 3081 629 3166 populo,
651 3081 854 3167 Charideme,
876 3083 1010 3148 lavaris:

227 3168 367 3254 Inguina
391 3170 437 3234 sle
459 3171 531 3233 toto
554 3170 679 3235 subluis
703 3171 738 3235 in
760 3173 853 3236 solio.

182 3256 251 3322 Nec
274 3261 370 3340 caput
392 3257 446 3322 hic
468 3257 586 3322 vellem
610 3259 656 3323 sic
678 3262 724 3343 tc,
748 3257 953 3344 Charideme,
974 3259 1095 3325 lauare.

225 3345 271 3409 Et
293 3349 402 3430 caput,
425 3367 511 3423 ecce,
533 3346 636 3411 lavas:
659 3347 793 3432 inguina
814 3350 902 3414 malo
926 3348 1025 3414 lavea

560 3504 723 3571 LXXXII.

102 3675 105 3682 ,
161 3594 319 3687 vQuidam
342 3633 393 3676 me
416 3611 526 3697 modo,
549 3611 646 3697 Rufe,
669 3612 842 3698 diligenter

180 3698 380 3784 Inspectum,
403 3700 493 3764 velut
516 3704 643 3784 emptor
667 3706 723 3766 aut
746 3702 879 3785 lanista,

173 3787 254 3853 Cum
282 3789 374 3856 vultu
400 3789 567 3877 digitoque
592 3790 814 3870 subnotasset,
