2408 4132
331 339 627 395 EPIGRAMMATON
645 339 712 394 LIB.
731 339 778 394 VI.
998 339 1060 404 139

98 504 170 571 Hoc
192 505 231 569 de
253 503 388 588 palmite
411 502 545 567 laeseris
568 523 727 580 racemos,

54 593 270 674 1oNascetur,
293 591 370 655 licet
392 591 454 655 hoc
476 591 556 655 velis
579 611 713 674 negare,

97 682 224 747 Inserta
245 680 308 745 tibi
330 680 409 744 ficus
434 701 453 742 a
474 700 636 763 cupressu.

540 836 576 903 L.

100 947 181 1013 Cum
204 945 324 1010 coleret
346 965 445 1029 puros
468 965 591 1027 pauper
614 942 782 1007 Telesinus
806 942 942 1021 amicos,

143 1035 285 1099 Errabat
309 1033 416 1119 gelida
439 1032 586 1096 sordidus
609 1033 644 1096 in
665 1031 792 1117 togula:

101 1124 265 1189 Obscenos
289 1144 328 1186 ex
351 1142 414 1205 quo
439 1120 544 1204 coepit
568 1142 679 1184 curare
703 1119 867 1203 cinaedos,

143 1211 338 1295 Argentum,
362 1229 502 1288 mensas,
524 1208 657 1291 praedia
681 1209 769 1272 solus
793 1209 881 1272 emit.

73 1300 160 1366 sVis
182 1299 254 1362 fieri
277 1298 379 1380 dives,
401 1296 595 1379 Bithynice?
618 1297 764 1361 conscius
789 1300 872 1361 esto:

144 1387 202 1453 Nil
224 1386 287 1450 tibi
308 1385 360 1450 vel
383 1385 553 1449 minimum
575 1385 669 1448 basia
691 1406 773 1469 pura
796 1385 929 1449 dabunt.

532 1542 585 1607 LI.
1053 1584 1079 1654 s

102 1653 196 1729 Quod
218 1651 399 1717 convivaris
424 1651 493 1715 sine
515 1670 567 1713 me
589 1653 658 1714 tam
682 1672 791 1734 saepe,
815 1649 971 1733 Luperca,

145 1740 271 1818 Inveni,
294 1761 427 1804 noceam
451 1760 514 1822 qua
537 1739 663 1803 ratione
686 1739 756 1803 tibi.

100 1831 242 1913 Irascor,
264 1827 340 1892 licet
363 1847 463 1911 usque
486 1848 581 1892 uoces
605 1828 780 1910 mittasque
803 1847 971 1912 rogesque.

145 1916 247 2003 „Quid
269 1915 408 1980 facies‘?“
429 1914 546 1999 inquis.
582 1913 666 1989 Quid
688 1914 828 1979 faciam?
853 1916 988 1978 veniam.

529 2072 598 2137 LII.

102 2182 174 2248 Hoc
195 2182 281 2247 iacet
302 2181 337 2246 in
360 2180 486 2245 tumulo
509 2183 622 2263 raptus
644 2178 823 2262 puerilibus
847 2179 940 2242 aunis

147 2269 385 2354 Pantagathus,
409 2267 531 2332 domini
553 2288 630 2331 cura
652 2265 808 2350 dolorque
831 2266 895 2350 sui,

103 2359 168 2425 Vix
190 2363 345 2443 tangente
367 2378 470 2443 uagos
492 2356 579 2420 ferro
602 2376 747 2419 resecare
770 2355 906 2440 capillos

147 2448 271 2512 Doctus
294 2450 327 2510 et
348 2446 492 2510 hirsutas
516 2443 693 2509 excoluisse
716 2463 825 2527 genas.

77 2534 157 2602 sSis
179 2535 269 2617 licet,
291 2538 329 2599 ut
351 2534 462 2616 debes,
484 2533 596 2616 tellus,
618 2531 748 2616 placata
770 2531 931 2615 levisque,

148 2623 291 2688 Artificis
314 2622 417 2687 levior
439 2643 505 2686 non
527 2624 620 2705 potes
645 2641 715 2683 esse
738 2641 845 2686 manu.

523 2779 608 2844 LIII.

105 2888 207 2954 Lotus
229 2888 398 2953 nobiscum
421 2890 482 2971 est,
505 2885 619 2951 hilaris
643 2885 781 2968 cenarit,
805 2888 838 2950 et
860 2885 946 2950 idem

149 2976 304 3042 Inventus
328 2997 421 3040 mane
445 2978 495 3040 est
517 2977 664 3039 mortuus
688 2974 908 3060 Andragoras.

106 3064 188 3129 Tam
212 3064 339 3130 subitae
362 3066 478 3129 mortis
502 3084 645 3145 causam,
668 3059 836 3144 Faustina,
858 3061 1018 3146 requiris?

149 3152 188 3217 In
212 3153 334 3219 somnis
358 3152 516 3217 medicum
538 3150 664 3214 viderat
685 3149 930 3216 Hermocraten.

525 3308 609 3374 LIV.

108 3418 231 3483 Tantos
255 3422 288 3483 et
310 3420 420 3482 tantas
444 3416 472 3480 si
495 3415 599 3481 dicere
623 3413 848 3496 Sextilianum,

150 3506 247 3588 Aule,
270 3510 373 3589 retes,
394 3505 508 3590 iunget
531 3505 585 3569 vix
607 3503 672 3568 tria
693 3504 794 3568 verba
816 3503 923 3567 miser.

106 3593 209 3680 „Quid
228 3595 290 3659 sibi
309 3593 421 3660 vult?“
438 3592 555 3677 inquis.
580 3591 709 3677 Dicam,
728 3590 805 3676 quid
823 3591 967 3675 suspicer
986 3611 1075 3652 essex

149 3683 270 3748 Tantos
294 3686 327 3748 et
351 3686 463 3750 tantas
488 3679 696 3752 Sextilianus
718 3685 824 3749 amat.
