2408 4132
29 35 1070 239 g—va
1098 35 1144 41 ''-

315 497 609 555 EPIGRAMMATON
627 499 694 555 LlB.
712 500 785 556 XIIL
989 501 1054 566 315

367 659 480 726 nxxr.
502 661 740 744 nauseans.

95 756 162 822 Dat
183 756 264 820 mihi
286 756 386 842 pinna
408 758 527 822 rubeus
549 779 682 840 nomen,
700 758 755 822 sed
778 744 890 843 lingua
909 759 1032 845 gulosis

138 843 262 912 Nostra
285 847 379 928 sapit.
416 846 501 922 Quid
524 845 553 910 si
575 847 706 931 garrula
728 845 840 931 lingua
861 845 966 912 foret?

394 985 522 1050 LXXII.
536 980 711 1052 Phaedoni.

94 1082 208 1168 Argoa
230 1082 371 1167 primum
394 1103 466 1147 sum
487 1087 712 1168 transportata
735 1083 855 1148 carina:

138 1171 226 1236 Ante
249 1170 330 1234 mihi
350 1173 466 1235 notum
487 1170 536 1236 nil
557 1172 623 1236 nisi
644 1171 761 1236 Phasis
784 1175 864 1237 erat.

372 1309 519 1377 LXXIII.
540 1312 733 1377 Mamiliano.

97 1408 222 1473 Ansere
245 1407 393 1472 Romano
416 1407 563 1493 quamvis
586 1412 678 1472 satur
699 1406 866 1472 Hannibal
889 1411 986 1492 esset,

139 1495 213 1581 Ipse
237 1517 312 1560 suas
333 1517 499 1580 nunquam
522 1496 681 1562 barbarus
705 1495 772 1560 edit
794 1508 878 1560 aves.

398 1635 546 1704 LXXIV.
567 1638 707 1702 Anseres.

95 1730 185 1797 Haeo
208 1733 349 1799 servavit
371 1733 440 1798 avis
463 1732 580 1819 Tarpei
601 1735 721 1820 templa
743 1733 905 1800 Tonantis.
954 1765 957 1773 ¹

139 1819 292 1886 Miraris?
327 1819 480 1886 Nondum
502 1821 624 1888 fecerat
646 1823 706 1887 illa
729 1823 815 1887 deus.

374 2020 376 2024 .
425 1961 555 2028 LXXV.
577 1963 687 2030 Grues.

96 2066 256 2132 Turbabis
279 2089 391 2133 versus
414 2088 474 2133 nee
495 2067 609 2133 littera
629 2071 702 2133 tota
724 2068 862 2152 volabit,

144 2153 248 2220 Unam
271 2155 447 2240 perdideris
471 2156 500 2220 si
520 2155 703 2221 Palamedis
727 2177 828 2221 avem.

378 2293 524 2361 nxxvr.
546 2266 734 2360 nauum

97 2402 231 2468 Rustica
246 2401 307 2467 sim
322 2423 364 2466 an
376 2401 502 2486 perdix,
517 2399 595 2485 quid
608 2399 720 2483 refert,
733 2399 761 2465 si
775 2420 873 2483 sapor
885 2398 971 2464 idem
985 2399 1056 2464 est?

142 2489 257 2556 (larior
280 2493 329 2555 est
351 2490 473 2574 perdix.
509 2486 563 2554 sie
585 2488 673 2573 sapit
694 2488 753 2552 illa
776 2487 891 2573 magis.

410 2628 572 2695 nnxvu.
594 2627 701 2714 aar.

97 2735 213 2800 Duloia
235 2735 361 2802 defeota
382 2734 570 2799 modulatur
592 2732 735 2800 earmina
758 2733 871 2819 lingua

142 2822 301 2890 Cantator
324 2844 447 2910 oygnus
469 2823 591 2888 funeris
614 2823 685 2907 ipse
708 2821 766 2886 sui.

339 2963 515 3030 LXXVIII.
537 2963 772 3048 Porphyriones.

98 3067 227 3133 Nomen
249 3069 349 3134 hebet
371 3067 483 3153 magni
504 3068 645 3133 volueris
672 3071 742 3133 tam
768 3090 868 3151 parva
891 3067 1057 3153 gigantis?

142 3156 189 3221 Et
210 3179 328 3222 nomen
350 3156 475 3242 prasini
495 3155 728 3241 Porphyrionis
751 3155 858 3220 habet

379 3295 524 3362 LXXIX
546 3297 645 3363 Mulli
665 3296 737 3361 odoi.

100 3401 209 3489 Spirat
232 3403 267 3467 in
290 3403 436 3484 advecto,
459 3404 514 3467 sed
537 3403 602 3467 iam
624 3401 730 3487 piger,
748 3421 885 3485 aequore
907 3400 1041 3485 mullus3

143 3490 348 3578 Langueseit.
383 3489 504 3555 Vivum
527 3489 569 3555 da
590 3512 692 3555 mare:
714 3488 809 3554 fortis
833 3489 904 3553 erit

394 3629 521 3695 LXXX.
543 3631 724 3697 Muraenae.

101 3737 190 3813 Quae
212 3740 308 3802 natat
328 3737 364 3802 in
386 3735 493 3802 Sioulo
517 3737 649 3820 grandis
671 3755 826 3800 muraena
844 3709 1025 3818 profundo,

144 3823 219 3890 Non
243 3825 330 3890 valet
352 3828 500 3892 exustam
524 3846 678 3913 mergere
695 3823 770 3892 sols
793 3825 922 3886 eutero.
