2408 4132
91 473 158 540 254
299 473 336 529 ru.
355 470 438 529 Vsu.
456 471 653 528 nourrius
670 472 786 528 arros.
805 472 836 527 o.
855 472 889 528 x

137 635 331 717 Gaditanus,
354 634 466 717 Avite,
489 634 575 700 dicat
597 635 699 714 istud,

138 725 201 802 Qui
224 724 336 790 scribit
358 723 440 787 nihil
463 726 496 787 et
517 727 628 789 tamen
649 727 747 808 poeta
769 727 828 788 esi.

136 945 329 1030 Municipes,
350 945 502 1030 Augusta
524 854 707 1029 midilipuos
730 942 861 1008 Bilbilis
885 943 951 1009 acri

180 1032 292 1098 Monte
315 1035 417 1117 creat,
439 1031 561 1116 rapidis
586 1054 682 1118 quem
705 1031 781 1097 Salo
805 1032 908 1118 cingit
930 1035 1041 1119 aquis,

135 1121 262 1205 Ecquid
284 1122 370 1185 laeta
391 1121 482 1186 iuvat
504 1123 605 1186 vestri
626 1142 684 1186 vos
708 1120 814 1206 gloria
835 1120 943 1185 vatis?

179 1208 265 1274 Nam
289 1210 383 1274 decus
408 1213 440 1273 et
461 1231 581 1273 nomen
601 1209 752 1293 famaque
774 1213 884 1273 vestra
907 1231 1034 1296 sumus,

110 1296 205 1363 oNec
227 1320 286 1362 sua
307 1298 381 1382 plus
405 1297 500 1362 debet
522 1297 612 1361 tenui
633 1296 764 1362 Verona
787 1295 916 1363 Catullo

180 1385 296 1470 Meque
318 1387 399 1451 velit
423 1386 485 1450 dici
506 1407 573 1450 non
595 1385 701 1450 minus
724 1385 783 1449 illa
806 1406 907 1450 suum.

137 1473 298 1550 Quattuor
322 1475 458 1539 accessit
479 1474 642 1539 tricesima
665 1474 824 1538 messibus
848 1477 970 1560 aestas,

180 1561 226 1627 Ut
250 1565 319 1626 sine
341 1585 393 1627 me
417 1561 525 1627 Cereri
546 1563 667 1626 rustica
689 1562 758 1626 liba
780 1563 879 1644 datis,

135 1650 264 1715 Moenia
287 1651 362 1714 dum
386 1651 520 1714 colimus
545 1650 692 1714 dominae
719 1649 935 1734 pulcherrima
959 1649 1105 1719 Romae:

94 1754 126 1803 10
180 1739 347 1803 Mutavere
370 1760 458 1803 meas
481 1738 566 1802 Itala
588 1759 689 1823 regna
711 1760 830 1804 comas.

136 1826 294 1909 Excipitis
317 1826 446 1912 placida
468 1826 616 1890 reducem
639 1826 667 1891 si
689 1830 810 1910 mente,
832 1827 993 1913 venimus3

180 1914 307 1998 Aspera
331 1915 358 1978 si
382 1913 495 1998 geritis
519 1914 630 1998 corda,
652 1914 756 1980 redire
780 1916 866 1983 licet.

556 2044 639 2113 clv.

136 2134 287 2201 Inostro
311 2156 431 2215 comes,
454 2133 479 2218 i,
502 2134 624 2219 libelle,
647 2135 747 2200 Flavo

136 2223 284 2310 Longum
307 2245 365 2308 per
388 2244 491 2306 mare,
514 2223 569 2294 sed
590 2223 731 2288 faventis
754 2224 872 2308 undae,

135 2313 181 2377 Et
204 2335 299 2378 cursu
320 2311 411 2376 facili
434 2311 563 2395 tuisque
585 2312 692 2377 ventis

135 2400 302 2486 Hispanae
325 2404 399 2485 pete
423 2400 615 2465 Tarraconis
639 2421 741 2466 arces:

110 2491 231 2555 elllinc
254 2496 287 2554 te
309 2493 382 2554 rota
404 2488 503 2553 tollet
525 2492 559 2552 et
581 2490 699 2554 citatus

135 2580 248 2643 Altam
270 2575 407 2641 Bilbilin
431 2580 464 2642 et
486 2581 578 2641 tuum
602 2575 753 2641 Salonem

137 2667 258 2744 Quinto
281 2665 422 2730 forsitan
444 2666 555 2730 essedo
579 2665 712 2730 videbis.

136 2755 219 2830 Quid
241 2755 392 2818 mandem
414 2755 489 2838 tibi,
512 2754 663 2838 quaeris?
690 2753 738 2819 Ut
760 2754 885 2819 sodales

135 2843 274 2924 Paucos,
298 2842 354 2905 sed
376 2846 500 2906 veteres
525 2847 559 2906 et
581 2842 656 2907 ante
679 2843 810 2908 brumas

95 2944 126 2993 10
137 2929 288 3014 Triginta
311 2928 392 2992 mihi
415 2934 630 3013 quattuorque
654 2931 741 2995 visos

135 3018 212 3100 ipsa
233 3016 382 3101 protinus
406 3038 425 3079 a
446 3018 500 3081 via
524 3019 645 3081 salutes

136 3106 183 3170 Et
204 3108 352 3169 nostrum
377 3105 550 3169 admoneas
573 3105 707 3170 subinde
729 3106 879 3191 Flavum,

136 3194 296 3259 Iucundos
319 3192 400 3257 mihi
422 3215 481 3258 nec
503 3193 684 3258 laboriosos

137 3280 286 3347 Secessus
310 3280 416 3365 pretio
439 3286 533 3366 paret
557 3283 693 3366 salubri,

93 3385 126 3435 15
137 3369 198 3446 Qui
220 3370 351 3456 pigrum
373 3369 496 3435 faciant
518 3374 612 3435 tuum
634 3375 811 3456 parentem.

135 3458 226 3524 Haec
248 3462 334 3523 suut.
368 3457 440 3523 Iam
462 3459 605 3523 tumidus
629 3464 723 3524 vocat
746 3460 902 3545 magister

137 3546 350 3631 Castigatque
373 3569 494 3625 moras,
518 3551 551 3612 et
575 3570 654 3613 aura
677 3554 807 3632 portum

135 3635 271 3700 Laxavit
293 3636 421 3700 melior:
445 3639 528 3720 vale,
552 3636 675 3702 libelle:

130 3722 272 3810 Nauem,
297 3725 360 3794 scis
382 3728 479 3812 puto,
501 3747 567 3790 non
590 3728 738 3791 moratur
759 3744 852 3791 unus.
