2408 4132
366 460 660 517 EPIGRAMMATON
678 461 744 518 LIB.
762 461 823 518 XII.
1030 460 1095 526 303

520 623 667 688 LXXIX.

137 720 262 786 Donavi
287 721 349 784 tibi
372 721 488 805 multa,
512 743 592 805 quae
615 721 754 807 rogasti,

136 808 265 873 Donavi
286 809 348 874 tibi
370 810 479 893 plura,
502 831 599 892 quam
621 810 760 896 rogasti:

136 896 212 961 Non
235 918 341 961 cessas
364 901 474 962 tamen
497 919 598 981 usque
621 919 671 963 me
694 918 816 980 rogare.

138 984 290 1068 Quisquis
313 986 361 1049 nil
382 989 496 1071 negat,
518 984 679 1070 Atticille,
701 985 802 1050 fellat.

531 1125 658 1192 LXXX.

136 1221 186 1287 Ne
209 1223 320 1287 laudet
342 1223 470 1308 dignos,
494 1224 606 1288 laudat
629 1223 836 1289 Callistratus
861 1241 980 1286 omnes.

181 1309 242 1375 Oui
265 1311 370 1376 malus
394 1315 443 1376 est
464 1333 574 1396 nemo,
596 1313 668 1396 quis
692 1314 795 1377 bonus
819 1331 889 1376 esse
911 1311 1038 1395 potest?

520 1461 665 1528 LXXXI.

137 1556 275 1621 Brumae
299 1557 410 1621 diebus
432 1556 585 1642 feriisque
608 1556 740 1624 Saturni

136 1645 291 1710 Mittebat
313 1644 436 1710 Umber
460 1647 610 1711 aliculam
634 1647 714 1711 mihi
736 1667 870 1731 pauper3

137 1732 231 1798 Nunc
254 1733 356 1799 mittit
378 1734 507 1800 alicam:
529 1734 634 1800 factus
658 1740 708 1800 est
730 1735 815 1799 enim
838 1733 936 1798 dives.

513 1875 674 1942 LXXXII„

136 1973 288 2058 Effugere
311 1973 346 2036 in
368 1973 505 2038 thermis
528 1977 562 2038 et
584 1972 668 2038 circa
690 1973 807 2038 balnea
828 1994 894 2037 non
917 1974 967 2036 est
1050 2012 1054 2019 ·

180 2060 394 2146 Menogenen,
418 2062 507 2126 omni
529 2065 566 2125 tu
587 2061 665 2125 licet
687 2065 756 2125 arte
779 2061 867 2126 velis.

138 2147 290 2232 Captabit
312 2149 456 2234 tepidum
480 2149 592 2213 dextra
615 2148 769 2232 laevaque
792 2148 966 2233 trigonam,

180 2237 323 2321 imputet
346 2241 493 2321 acceptas
516 2241 553 2302 ut
575 2235 637 2300 tibi
660 2258 756 2320 saepe
777 2237 870 2320 pilae.

111 2323 279 2410 cOolliget
301 2329 335 2389 et
355 2325 474 2389 referet
496 2325 606 2389 laxum
630 2322 667 2386 de
689 2326 822 2408 pulvere
844 2322 970 2406 follem,

180 2412 225 2476 Et
248 2413 276 2477 si
297 2415 363 2477 iam
383 2413 484 2494 lotus,
507 2412 573 2477 iam
596 2413 737 2476 soleatus
760 2412 830 2476 erit.

137 2500 252 2565 Lintea
274 2502 302 2565 si
327 2523 446 2584 sumes,
468 2500 544 2565 nive
566 2499 750 2565 candidiora
772 2500 935 2584 loquetur,

183 2587 255 2653 Sint
276 2589 354 2654 licet
375 2589 508 2653 infantis
532 2587 711 2653 sordidiora
734 2587 813 2652 sinu.

136 2676 281 2762 Exiguos
305 2680 391 2742 secto
415 2681 593 2742 comentem
617 2676 711 2741 dente
734 2675 868 2759 capillos

94 2781 144 2829 10'
180 2763 276 2831 Dicet
298 2760 461 2830 Achilleas
484 2765 678 2849 disposuisse
701 2785 819 2828 comae.

137 2851 296 2918 Fumosae
318 2855 401 2918 feret
424 2854 493 2937 ipse
515 2852 626 2936 tropin
649 2853 688 2917 de
709 2851 798 2917 faece
820 2855 970 2938 lagonae,

181 2941 310 3006 Frontis
333 2947 365 3005 et
387 2963 531 3006 umorem
554 2941 687 3028 colliget
709 2961 811 3024 usque
832 2945 918 3006 tuae.

139 3028 254 3093 Omnia
276 3029 435 3112 laudabit,
457 3029 628 3095 mirabitur
650 3029 771 3110 omnia,
795 3028 894 3094 donec

181 3117 357 3202 Perpessus
380 3117 467 3184 dicas
490 3118 598 3182 taedia
621 3116 711 3182 mille
733 3115 867 3202 „Veni!“

498 3257 683 3336 LXXXIII.

137 3355 270 3419 Derisor
292 3354 455 3420 Fabianus
478 3355 677 3438 hirnearum,

138 3443 255 3506 Omnes
279 3466 373 3528 quem
396 3443 491 3507 modo
515 3443 597 3508 colei
619 3442 779 3507 timebant

137 3530 304 3596 Dicentem
327 3531 467 3596 tumidas
490 3530 525 3595 in
547 3531 753 3614 hydrocelas,

138 3619 301 3694 Quantum
323 3642 383 3684 nec
405 3619 467 3684 duo
492 3619 634 3684 dicerent
657 3617 792 3701 Catulli,

110 3706 176 3772 aln
197 3708 333 3772 thermis
357 3708 464 3772 subito
487 3705 682 3772 Neronianis

137 3795 230 3860 Vidit
253 3818 287 3860 ae
309 3797 422 3880 miser,
445 3799 478 3860 et
500 3799 607 3861 tacere
630 3794 750 3880 coepit.
