2408 4132
146 467 166 531 6
300 523 307 540 r
474 469 510 522 M.
530 469 610 522 VAL.
629 468 825 522 MARTLALIS

208 628 283 692 -Εὺ
300 651 396 713 supra
419 633 524 693 vatem
546 630 649 693 multa
670 630 822 713 pependit
845 631 925 714 avis,

189 716 262 800 Ipse
284 717 339 781 sed
361 719 488 803 ingrato
511 719 610 793 iacuit
631 719 788 782 laceratus
812 719 851 783 ab
875 741 977 782 urso.¹

232 804 320 869 Haec
341 809 461 893 tamen,
483 807 561 870 haec
584 829 634 870 res
657 811 706 882 est
728 808 813 871 facta
834 808 893 890 ita,
916 808 990 870 ficta
1012 806 1110 890 prior.

579 955 665 1040 mn,
687 957 717 1020 a.

178 1057 315 1154 'orphea
339 1046 425 1153 quoa
449 1070 556 1134 suerio
579 1070 675 1134 tenus
698 1065 805 1134 amisa
827 1069 931 1153 hiatu,

232 1158 411 1223 Miramur?
432 1181 537 1223 mersa
559 1159 648 1222 venit
670 1158 710 1221 ab
733 1158 901 1242 Eurydice.

597 1307 698 1371 XXII.

189 1420 372 1487 Sollicitant
393 1422 502 1506 pavidi
525 1423 600 1486 dum
623 1422 825 1486 rhinocerota
847 1421 994 1508 magistri

233 1509 336 1594 Seque
360 1510 414 1574 diu
437 1533 571 1612 magnae
595 1511 719 1596 colligit
705 1511 790 1574 tina
812 1511 910 1594 ferae,

120 1651 121 1654 η
188 1597 446 1682 Desperabantur
467 1600 618 1684 promissi
640 1599 762 1683 proelia
783 1598 878 1663 Mart'
855 1603 908 1682 t1;s

234 1685 296 1751 Sed
318 1688 447 1752 tandem
469 1689 565 1752 rediit
551 1688 698 1773 tcognit
698 1710 736 1752 us
759 1692 832 1751 ante
855 1689 953 1751 furor.
1037 1708 1039 1714 ·

159 1774 335 1859 tNamque
358 1798 488 1862 gravem
512 1798 612 1839 comu
634 1777 762 1877 gemino
786 1777 833 1840 sic
856 1775 971 1839 extulit
993 1798 1118 1859 ursum,

28 1945 29 1949 Ἰ
232 1863 394 1928 Iactatt
357 1867 394 1927 ut
416 1864 571 1948 inpositas
594 1865 737 1927 taurus
728 1886 762 1927 1n
784 1868 869 1928 astra
874 1865 985 2015 tpilas:

56 1964 146 2018 XXIII
160 1969 174 2015 1
189 1950 310 2016 Norica
331 1956 398 2015 tam
422 1964 507 2016 certo
530 1953 687 2016 venabula
711 1952 910 2037 dirigit'u
843 1956 910 2016 ictu

232 2039 339 2105 Fortis
362 2040 464 2104 adhuc
486 2041 588 2104 teneri
612 2041 741 2104 dextera
765 2039 971 2124 Carpophori.

188 2127 247 2192 Ille
269 2128 346 2213 tulit
369 2130 512 2213 geminos
528 2129 623 2193 ‘facili
646 2129 766 2193 cervice
789 2130 952 2212 iuvencos,

232 2215 285 2281 llli
309 2217 402 2281 cessit
424 2221 518 2282 atrox
539 2218 677 2282 bubalus
700 2221 795 2300 atque
818 2217 923 2281 bisen:

158 2305 283 2370 5Hunc
304 2307 354 2370 leo
378 2328 451 2370 cum
472 2307 612 2392 fugeret,
634 2328 784 2390 praeceps
806 2306 840 2368 in
862 2304 927 2368 tela
950 2306 1098 2369 cucurrit.
1146 2352 1150 2357 -

231 2393 247 2460 I
269 2416 354 2458 nunc
376 2398 408 2459 et
431 2396 532 2459 lentas
555 2396 691 2481 corripe,
714 2395 823 2479 turba,
846 2414 960 2457 moras.

586 2552 702 2616 XXIV,

188 2665 223 2729 Si
246 2667 318 2749 quis
341 2667 414 2729 ades
436 2667 542 2752 longis
566 2689 654 2731 serus
677 2671 838 2750 spectator
861 2667 901 2730 ab
925 2667 1002 2752 oris,

233 2753 292 2818 Oui
314 2755 371 2817 lux
393 2755 497 2838 prima
519 2755 600 2818 sacri
622 2755 763 2819 muneris
786 2756 848 2818 ista
870 2754 946 2838 fuit,

187 2841 238 2907 Ne
260 2846 293 2906 te
316 2842 453 2925 decipiat
476 2843 599 2907 ratibus
622 2844 744 2907 navalis
767 2843 860 2927 Enyo

231 2931 275 2994 Et
297 2953 356 3014 par
378 2930 462 2993 unda
485 2930 588 3013 fretis,
611 2931 663 2995 hic
685 2931 781 2995 modo
805 2935 890 2995 terra
913 2931 983 2995 fuit.

157 3019 262 3085 sNon
286 3018 408 3083 credis?
431 3021 551 3102 specta,
574 3019 651 3082 dum
672 3019 793 3083 lassant
816 3041 954 3103 aequora
976 3019 1128 3085 Martem:

231 3108 334 3172 Parva
356 3128 446 3171 mora
468 3110 529 3190 est,
554 3107 637 3171 dices
659 3107 740 3192 „Hic
762 3107 858 3172 modo
881 3112 999 3191 pontus
1024 3109 1121 3173 erat.“

594 3256 694 3321 XXV.

188 3370 280 3446 Quod
302 3377 459 3435 nocturna
482 3372 557 3456 tibi,
580 3371 736 3455 Leandro,
759 3374 936 3456 pepercerit
959 3374 1044 3437 unda

105 3499 110 3509 ·
230 3459 348 3523 Desine
371 3460 494 3524 mirari:
519 3458 662 3524 Caesaris
685 3460 770 3523 unda
793 3461 863 3524 fuit.
951 3462 953 3467 ’

453 3683 454 3686 ¹
565 3609 718 3695 XXV„b

186 3733 267 3797 Cum
287 3756 331 3818 pe
332 3737 416 3799 teret
438 3735 544 3801 dulces
569 3736 671 3798 audax
693 3734 857 3801 Leandros
875 3754 1046 3823 βροτω

209 3821 263 3882 Er
281 3823 393 3891 lessus
417 3825 587 3891 tumidis
578 3848 645 3891 iam
666 3847 814 3912 premere
