2408 4132
142 431 187 495 50
467 429 505 484 u.
524 428 606 483 vnn.
624 392 824 484 MARTIALIS

187 590 232 655 Te
254 589 507 656 Lacedaemonio
531 592 617 655 velat
639 595 719 676 toga
740 592 810 655 lota
833 589 971 656 Galaeso

231 678 293 743 Vel
316 702 413 763 quarn
436 679 578 764 seposito
603 679 641 743 de
664 700 764 764 grege
786 678 906 744 Parma
929 680 1029 744 deditz

162 767 235 830 snt
258 789 321 849 mc,
344 789 425 851 quae
448 789 546 851 passa
570 769 620 830 cst
642 766 743 831 furias
767 772 801 831 et
823 789 943 832 cornua
964 768 1067 853 tauri,

232 853 381 919 Noluerit
404 855 467 919 dici
489 877 586 938 quam
608 855 677 939 pila
697 855 804 938 prima
826 876 928 920 suam.

188 944 278 1008 Misit
300 944 489 1029 Agenoreas
514 941 626 1006 Cadmi
647 942 710 1006 tibi
731 946 820 1006 terra
842 944 1000 1008 lacernas:

232 1030 309 1096 Non
330 1030 448 1095 vendes
470 1031 611 1094 nummis
634 1031 763 1095 coccina
785 1035 898 1096 nostra
919 1031 1034 1098 tribus.

188 1120 238 1184 'Pu
260 1118 398 1200 Libycos
419 1118 508 1182 Indis
531 1119 698 1202 suspendis
722 1119 872 1183 dentibus
895 1120 1004 1184 orbes:

147 1222 180 1270 10
234 1207 381 1272 Fulcitur
402 1210 490 1270 testa
511 1206 624 1292 fagina
645 1228 757 1270 mensa
780 1207 870 1272 mihi

188 1295 358 1360 Immodici
379 1294 442 1358 tibi
463 1294 548 1358 flava
569 1298 686 1378 tegunt
708 1295 920 1378 chrysendeta
941 1295 1052 1360 mulli:

234 1381 391 1447 Concolor
413 1383 449 1446 in
470 1387 597 1466 nostra,
620 1405 793 1464 cammare,
816 1383 908 1448 lance
930 1384 1036 1450 rubes.

191 1470 276 1534 Grex
298 1475 373 1534 tuus
395 1470 497 1535 Iliaco
520 1474 648 1553 poterat
671 1475 795 1535 certare
818 1471 964 1536 cinaedo:

233 1560 281 1622 At
302 1557 382 1622 mihi
406 1559 562 1623 succurrit
583 1581 642 1642 pro
666 1558 851 1643 Ganymede
873 1582 997 1624 manus.

147 1647 241 1711 15Ex
264 1646 379 1730 opibus
401 1647 501 1710 tantis
524 1648 626 1712 veteri
647 1648 775 1730 fidoque
798 1647 902 1712 sodali

232 1734 301 1798 Das
323 1735 406 1798 nihil
429 1739 462 1799 et
484 1735 577 1819 dicis,
600 1734 755 1819 Candide,
776 1737 874 1801 κοινὰ
896 1735 1028 1820 pilus?

589 1875 703 1940 XLIV.

190 1981 266 2044 Emi
288 2002 344 2043 seu
367 2003 501 2065 puerum
524 1986 677 2064 togamve
699 2004 814 2064 pexam

191 2068 255 2133 Seu
277 2073 357 2150 tres,
379 2073 416 2131 ut
438 2073 532 2153 puta,
554 2073 746 2153 quattuorve
769 2070 882 2155 libras,

193 2156 309 2220 Sextus
331 2159 480 2240 protinus
502 2157 559 2221 ille
581 2157 759 2239 fenerator,

191 2244 292 2319 Quem
313 2245 418 2310 nostis
441 2251 583 2309 veterem
606 2268 713 2310 meum
736 2245 894 2329 sodalem,

165 2333 241 2397 5Ne
264 2333 341 2416 quid
363 2333 448 2397 forte
470 2339 580 2417 petam
602 2334 698 2398 timet
722 2339 890 2417 cavetque,

50 2450 78 2467 ···
190 2423 236 2485 Et
259 2444 378 2503 secum,
402 2421 458 2485 scd
480 2426 517 2484 ut
540 2422 681 2505 audiam,
704 2426 864 2486 susurrat:

191 2509 341 2592 „Septem
364 2510 457 2573 miha
479 2511 580 2575 debeo
605 2509 766 2590 Secundo,

191 2597 321 2662 Phoebo
346 2602 512 2681 quattuor,
534 2597 681 2662 undecim
704 2598 847 2683 Phileto,

191 2686 237 2748 Et
260 2684 421 2769 quadrans
445 2686 526 2750 mihi
547 2687 658 2750 nullus
682 2687 789 2752 estin
812 2685 913 2751 aroa“

150 2773 220 2836 100
246 2773 367 2858 grande
390 2774 556 2924 ingenium
578 2777 642 2839 mei
666 2774 799 2840 sodalis!

192 2860 316 2924 Durum
340 2864 402 2942 est,
448 2867 533 2944 erte,
555 2884 687 2949 negare,
710 2885 782 2928 cum
804 2862 945 2948 rogaris,

197 2949 324 3024 Quanto
349 2949 473 3033 durius,
496 2954 670 3035 antequam
693 2952 832 3037 rogeris!

601 3083 698 3149 XLV.

194 3178 282 3254 Quae
305 3178 367 3242 tibi
388 3200 453 3243 non
477 3181 588 3246 stabat
609 3182 755 3265 praecisa
777 3185 827 3246 est
850 3181 1006 3263 mentula,
1025 3178 1155 3266 Glypts.

237 3266 391 3349 Demens,
414 3289 486 3331 oum
508 3269 595 3334 ferro
619 3270 696 3353 quid
718 3270 803 3334 tibi?
840 3269 953 3334 Gallus
976 3290 1057 3334 eras.

594 3401 707 3466 XLVI.

193 3496 327 3562 Florida
349 3519 407 3581 per
429 3498 537 3562 varios
559 3501 598 3561 ut
619 3500 765 3584 pingitur
787 3498 897 3582 Hybla
919 3498 1057 3582 colores,

238 3583 319 3650 Gum
342 3587 439 3650 breve
463 3585 609 3650 Sicaniae
633 3610 688 3651 ver
711 3587 908 3672 populantur
931 3608 1022 3671 apes,

198 3672 251 3739 Sic
274 3678 332 3738 tua
355 3674 532 3757 subpositis
556 3675 725 3740 conlucent
747 3676 840 3762 prela
861 3674 1015 3759 lacernis,
1118 3723 1120 3728 ,

234 3761 291 3828 Sic
312 3761 414 3828 micat
435 3763 613 3828 innumeris
637 3765 746 3829 arcula
770 3763 998 3849 synthesibus,
