2408 4132
91 484 156 551 238
416 483 454 539 M.
473 481 551 538 VAL.
571 480 770 535 maurianis

552 642 635 708 XLI.

134 733 245 798 Mense
267 755 352 799 novo
374 732 448 797 Iani
469 736 625 815 veterem,
648 730 830 812 Proculeio,
853 731 1010 796 maritum

178 822 307 886 Deseris
331 826 426 905 atque
449 820 540 885 iubes
564 841 615 885 res
639 820 701 884 sibi
725 781 844 884 habeis
868 841 953 884 suas.

135 908 226 993 Quid,
236 931 326 995 rogo,
336 910 543 993 quidfactum
555 908 626 972 est?
641 908 741 972 subiti
755 929 835 992 quae
845 929 942 972 causa
952 908 1105 976 doloris?

179 961 234 1062 Nil
256 998 338 1062 mihi
359 997 558 1081 respondes?
594 994 709 1060 Dicam
733 1016 807 1081 ego,
829 1000 961 1080 praetor
985 1003 1075 1064 erat.

110 1084 333 1151 monstratura
355 1086 419 1151 fuit
432 1084 638 1186 Megalensis
661 1107 805 1168 purpura
828 1089 958 1149 centum

178 1173 324 1257 milibus,
347 1177 385 1239 ut
405 1173 542 1237 nimium
565 1194 697 1238 munera
719 1194 817 1255 parca
840 1173 945 1257 dares,

135 1263 180 1327 Et
203 1262 359 1346 populare
383 1284 510 1327 sacrum
534 1262 585 1325 bis
608 1260 699 1325 milia
722 1260 803 1326 dena
825 1261 964 1327 tulisset.

178 1350 359 1416 Discidium
381 1373 448 1415 non
470 1353 520 1415 est
542 1350 617 1434 hoc,
639 1349 819 1414 Proculeio:
842 1349 967 1415 lucrum
990 1356 1053 1417 ast

134 1570 216 1634 Tam
239 1569 337 1634 dubia
361 1574 410 1634 est
433 1572 553 1656 lanugo
577 1570 652 1653 tibi,
675 1574 742 1634 tam
767 1571 887 1655 mollis,
909 1574 947 1635 ub
969 1570 1068 1639 illam

179 1658 310 1722 Halitus
335 1662 367 1722 et
390 1659 475 1723 soles
499 1663 532 1722 et
554 1659 635 1722 levis
660 1680 738 1721 aura
761 1662 855 1722 terat.

135 1744 291 1811 Celantur
314 1746 413 1809 simili
436 1751 571 1811 ventura
594 1744 745 1829 Cydonea
768 1746 858 1830 lana,

179 1834 301 1899 Pollice
324 1835 471 1918 virgineo
496 1855 577 1918 quae
601 1834 741 1917 spoliata
763 1835 878 1899 nitent.

109 1923 264 1988 ollortius
288 1923 438 2005 impressi
461 1922 609 2007 quotiens
632 1922 695 1986 tibi
717 1923 809 1988 basia
833 1923 986 2008 quinque,

178 2010 340 2075 Barbatus
364 2010 479 2095 labris,
501 2010 675 2094 Dindyma,
698 2011 739 2075 fio
762 2011 837 2076 tuis.

534 2141 651 2207 XLIH.

138 2230 284 2316 Septima
307 2232 386 2316 iam,
409 2230 570 2316 Phileros,
592 2232 654 2296 tibi
677 2231 824 2296 conditur
846 2254 927 2297 uxor
950 2233 986 2297 in
1009 2256 1104 2322 agro.

178 2320 257 2385 Plus
279 2321 376 2399 nulli,
399 2319 562 2401 Phileros,
587 2341 684 2404 quarn
707 2319 782 2402 tibi,
805 2320 911 2384 reddit
934 2342 1021 2406 ager.

537 2451 650 2516 XLIV.

135 2540 252 2616 Quinte
276 2540 468 2607 Caledonios
492 2541 587 2605 Ovidi
610 2541 717 2605 visure
739 2540 915 2606 Britannos

178 2630 223 2693 Et
245 2629 379 2693 viridem
402 2629 530 2713 Tethyn
554 2629 778 2713 Oceanumque
801 2634 942 2713 patrem,

135 2718 224 2869 Ergo
247 2718 373 2783 Numae
396 2717 495 2782 colles
519 2721 552 2781 et
573 2718 780 2782 Nomentana
801 2717 959 2803 relinquis

209 2806 267 2887 tia,
290 2827 349 2869 nec
371 2806 491 2868 retinet
513 2827 631 2888 rusque
654 2805 808 2889 focusque
832 2807 962 2870 senem?

110 2892 262 2958 oGaudia
284 2896 320 2956 tu
343 2893 464 2974 differs,
488 2896 523 2957 at
545 2915 611 2957 non
633 2897 666 2956 et
690 2896 830 2958 stamina
852 2895 960 2959 differt

179 2981 338 3062 Atropos,
362 2986 458 3063 atque
482 2983 586 3045 omnis
611 2981 763 3045 scribitur
784 2982 866 3048 hora
888 2982 959 3048 tibi.
988 3004 990 3011 ·

135 3067 342 3133 Praestiteris
366 3090 494 3133 caro-
513 3069 584 3152 quis
602 3092 668 3134 non
688 3069 750 3134 hoo
773 3070 906 3136 laudet?
924 3107 960 3117 —
979 3073 1101 3157 amico,

180 3157 226 3222 Ut
248 3156 357 3242 potior
378 3157 447 3222 rita
470 3157 514 3220 sit
536 3158 596 3221 tibi
620 3161 734 3222 sancta
756 3159 849 3243 fides3

137 3245 198 3311 Sed
221 3246 353 3310 reddare
376 3246 442 3310 tuis
464 3245 596 3310 tandem
619 3268 769 3311 mansure
793 3247 922 3313 Sabinis

95 3351 126 3399 10
182 3334 291 3420 Teque
313 3337 387 3399 tuas
411 3355 559 3399 numeres
583 3335 668 3399 inter
692 3336 859 3402 amicitias.

121 3553 172 3619 ·Si
195 3555 270 3638 quid
293 3555 364 3619 lene
388 3555 451 3618 mei
473 3465 642 3619 dicuiitLdb
663 3556 753 3620 dulce
776 3556 893 3640 libelli,

183 3642 217 3709 Si
241 3643 316 3728 quid
339 3643 553 3708 honorificum
576 3644 696 3729 pagina
719 3645 838 3709 blanda
860 3648 969 3729 sonat,

136 3731 207 3796 Hoc
230 3736 266 3797 tu
286 3732 409 3817 pingue
432 3736 527 3817 putas
551 3737 583 3796 et
607 3738 732 3798 costam
752 3732 1010 3894 ww,

165 3819 233 3886 Ilia
254 3820 436 3889 Laurentis
462 3845 535 3891 cunr
557 3823 622 3890 tibi
643 3822 766 3888 dommi
