2408 4132
343 320 633 376 EPIGRAMMATON
650 321 717 376 LIB.
735 322 795 376 VII.
1006 323 1070 388 173

520 482 618 548 XCV.

109 589 231 654 Bruma
255 593 304 654 est
327 593 359 654 et
380 589 467 673 riget
489 590 637 654 horridus
661 589 852 669 December,

110 679 219 743 Audes
243 682 412 743 tutamen
435 680 544 743 osculo
567 678 670 742 nivali

110 767 229 831 Omnes
252 766 366 831 obvius
388 765 464 830 hinc
487 769 520 830 ct
542 767 618 830 hinc
640 771 749 831 tenere

109 855 155 919 Et
178 859 295 937 totam,
317 853 410 939 Line,
433 856 561 918 basiare
584 854 732 919 Romam.

85 943 196 1018 souid
217 943 324 1027 possis
349 944 542 1028 graviusque
566 943 754 1027 saeviusque

109 1031 283 1095 Percussus
306 1031 411 1095 facere
436 1035 532 1115 atque
555 1031 764 1095 verberatus?

110 1119 181 1184 Hoc
204 1141 255 1183 me
278 1119 399 1205 frigore
421 1119 529 1184 basiet
551 1141 610 1184 nec
632 1142 727 1204 uxor,

109 1207 242 1271 Blandis
265 1208 334 1272 filia
355 1229 414 1271 nec
436 1208 525 1272 rudis
549 1208 686 1272 labellis.

111 1295 173 1360 Sed
194 1300 230 1360 tu
254 1295 377 1360 dulcior
401 1296 657 1381 elegantiusque,

68 1402 100 1449 10
111 1383 209 1449 Cuius
232 1383 332 1448 livida
353 1385 487 1448 naribus
511 1385 634 1449 caninis

110 1472 280 1556 Dependet
302 1473 422 1556 glacies
445 1474 594 1559 rigetque
618 1473 733 1558 barba,

111 1561 247 1636 Qualem
269 1561 437 1626 forficibus
459 1562 554 1625 metit
577 1562 700 1644 supinis

110 1648 237 1714 Tonsor
260 1647 420 1732 Cinyphio
445 1648 528 1714 Cilix
551 1650 678 1714 marito.

111 1736 248 1802 (lentum
272 1759 437 1802 occurrere
459 1739 546 1802 malo
570 1739 780 1824 cunnilingis,

69 1842 100 1891 15
110 1826 156 1890 Et
179 1824 311 1892 Gallum
334 1827 434 1890 timeo
457 1827 563 1891 minus
586 1831 756 1891 recentem.

112 1914 218 1989 Quare
241 1914 269 1978 si
289 1913 354 1982 tibi
377 1936 490 1979 sensus
513 1919 563 1979 est
584 1914 765 1999 pudorque,

110 2001 286 2085 Hibernas,
308 2001 403 2086 Line,
425 2002 636 2086 basiationes,

110 2090 148 2155 In
171 2112 316 2155 mensem
338 2110 419 2175 rogo
443 2090 572 2154 differas
596 2090 754 2174 Aprilem.

512 2229 628 2296 xcvi.

111 2336 267 2402 Conditus
289 2337 343 2402 hic
367 2358 435 2423 ego.
447 2359 532 2421 sum,
551 2337 647 2401 Bassi
666 2337 772 2421 dolor,
790 2337 929 2403 Urbicus
950 2338 1071 2422 infans,

156 2424 215 2490 Cui
239 2448 340 2512 genus
364 2431 397 2490 et
418 2447 536 2490 nomen
560 2425 701 2489 maxima
722 2425 828 2490 Roma
851 2427 948 2492 dedit.

112 2516 175 2579 Sex
197 2515 278 2578 mihi
302 2515 340 2578 de
362 2514 467 2599 prima
490 2515 622 2578 deerant
644 2514 809 2579 trieteride
831 2536 971 2600 menses,

155 2602 324 2686 Ruperunt
346 2603 479 2667 tetricae
503 2624 575 2667 oum
597 2602 682 2667 male
704 2624 804 2689 pensa
827 2603 912 2668 deae.

85 2691 194 2766 aQuid
218 2692 352 2776 species,
371 2691 447 2774 quid
470 2691 582 2776 lingua
604 2691 698 2775 mihi,
716 2692 792 2775 quid
815 2692 938 2776 profuit
958 2693 1070 2759 aetas?

155 2780 206 2844 Da
229 2780 379 2844 lacrimas
402 2780 542 2863 tumulo,
566 2780 620 2864 qui
643 2780 725 2866 legis
748 2782 825 2866 ista,
848 2803 934 2846 meo:

111 2866 164 2932 Sic
187 2868 227 2931 ad
250 2866 423 2950 Lethaeas,
444 2868 509 2932 nisi
532 2868 670 2933 Nestore
693 2869 809 2953 serius,
831 2871 934 2935 undas

153 2954 229 3020 Non
253 2959 319 3041 eat,
343 2956 471 3040 optabis
496 2978 591 3040 quem
614 2978 781 3040 superesse
804 2958 874 3023 tibi.

504 3115 636 3181 XOVH.

110 3219 208 3284 Nosti
232 3219 260 3284 si
281 3212 362 3285 bene
386 3219 548 3304 Caesium,
570 3221 694 3305 libelle,

109 3308 284 3373 Montanae
308 3311 402 3374 decus
425 3309 580 3373 Umbriae
604 3307 773 3391 Sabinum,

110 3397 188 3461 Auli
211 3398 403 3482 municipem
428 3399 491 3462 mei
514 3397 680 3481 Pudentis,

110 3484 166 3548 Illi
188 3489 225 3550 tu
249 3487 340 3551 dabis
363 3487 443 3551 haec
466 3487 516 3551 vel
540 3489 709 3570 occupato:

83 3573 237 3638 cInstent
260 3575 348 3639 mille
371 3575 447 3639 lieet
468 3578 680 3659 premantque
703 3595 810 3657 curae,

109 3659 240 3728 Nostris
264 3664 458 3729 carminibus
482 3667 595 3730 tamen
615 3663 767 3730 necabit:
