2408 4132
310 317 608 376 EPIGRAMMATON
626 321 692 376 LIB.
711 321 785 376 VIII.
990 320 1047 384 191

507 482 591 547 LXI.

88 589 183 652 Livet
207 586 383 671 Charinus,
405 588 580 672 rumpitur,
603 587 696 671 furit,
719 587 828 672 plorat
892 599 893 602 ’

88 677 134 740 Et
157 676 285 760 quaerit
308 676 407 760 altos,
430 677 514 740 unde
536 676 687 760 pendeat,
710 697 832 740 ramos:
862 713 863 716 =

89 765 164 828 Non
185 766 252 828 iam
276 764 362 847 quod
386 766 463 829 orbe
487 768 601 829 cantor
624 767 657 828 et
679 764 771 848 legor
793 767 881 848 toto,

88 851 158 916 Nec
180 852 343 917 umbilicis
366 852 451 935 quod
474 853 608 917 decorus
632 855 665 916 εὴ
688 852 782 917 cedro

62 940 234 1025 sSpargor
256 963 315 1024 per
338 963 450 1005 omnes
473 940 579 1005 Roma
602 963 681 1025 quas
704 944 795 1005 tenet
818 941 945 1025 gentes:

89 1028 152 1093 Sed
175 1028 260 1113 quod
283 1029 342 1093 sub
366 1030 445 1094 urbe
468 1050 523 1094 rus
545 1029 703 1094 habemus
727 1027 884 1093 aestivum
979 1109 981 1114 Ι

88 1116 308 1201 Vehimurque
332 1117 430 1181 mulis
452 1139 531 1199 non,
554 1121 592 1181 ut
614 1121 701 1199 ante,
724 1116 901 1181 conductis.

90 1205 172 1281 Quid
194 1205 410 1290 imprecabor,
433 1228 451 1270 0
476 1205 604 1289 Severe,
628 1205 764 1270 liventi?
787 1249 790 1255 ·

88 1293 159 1359 Hoc
182 1299 274 1380 opto:
297 1295 401 1358 mulas
423 1293 545 1359 habeat
567 1297 600 1358 et
622 1294 853 1358 suburbanum.

498 1433 599 1499 LXII.

88 1539 207 1607 Scribit
229 1541 264 1603 in
287 1562 400 1605 aversa
421 1538 536 1606 Picens
560 1541 797 1625 epigrammata
820 1540 947 1622 charta,

60 1645 62 1649 ·
132 1629 177 1693 Et
200 1628 302 1712 dolet,
325 1651 439 1694 averso
463 1629 549 1714 quod
572 1628 650 1693 facit
672 1629 732 1693 illa
755 1629 824 1694 deo.

487 1786 605 1851 LXIII.

87 1893 266 1976 Thestylon
284 1893 387 1958 Aulus
412 1897 513 1974 amat,
533 1893 589 1957 sed
606 1915 665 1958 nec
683 1894 789 1957 minus
809 1893 901 1956 ardet
920 1891 1051 1976 Alexin,

131 1981 284 2046 Forsitan
307 1985 341 2045 et
363 1986 512 2046 nostrum
534 2003 619 2045 nunc
641 1979 850 2064 Hyacinthon
873 1984 970 2046 amat.

88 2069 103 2133 Ι
126 2092 211 2134 nunc
235 2074 267 2133 et
291 2070 416 2152 dubita,
439 2072 531 2134 vates
555 2091 597 2133 an
619 2069 736 2152 diligat
758 2069 861 2151 ipsos,

131 2157 272 2223 Delicias
295 2161 406 2224 vatum
429 2180 503 2221 cunr
527 2179 617 2221 meus
640 2157 744 2222 Aulus
768 2160 864 2221 amet.

488 2313 603 2380 LXIV.

86 2420 134 2487 Ut
155 2443 286 2506 poscas,
307 2419 415 2505 Clyte,
438 2443 554 2486 munus
577 2419 765 2504 exigasque,

86 2510 161 2575 Uno
183 2511 324 2575 nasceris
349 2510 449 2574 octies
472 2511 507 2574 in
530 2531 614 2573 anno

87 2598 133 2663 Et
156 2597 257 2682 solas,
280 2602 373 2684 puto,
395 2603 502 2663 tresve
526 2601 719 2681 quattuorve

87 2687 162 2752 Non
184 2687 355 2752 natalicias
379 2686 481 2750 habes
504 2685 675 2750 Kalendas.

61 2773 136 2840 ssit
158 2775 268 2839 vultus
291 2775 352 2838 tibi
374 2775 476 2840 levior
498 2774 608 2839 licebit

87 2862 188 2926 Tritis
211 2863 318 2927 litoris
343 2864 424 2928 aridi
446 2863 581 2946 lapillis,

88 2950 138 3015 Sit
159 2972 251 3016 moro
275 2973 368 3016 coma
389 2952 515 3037 nigrior
537 2951 670 3034 caduce,

85 3039 206 3104 Vincas
228 3039 369 3104 mollitia
390 3043 549 3104 tremente
572 3039 700 3122 plumas

86 3130 154 3192 Aut
176 3150 318 3192 massam
340 3130 435 3192 modo
458 3129 553 3193 lactis
577 3127 718 3211 alligati,

43 3216 132 3281 10Et
153 3217 237 3280 tales
259 3220 369 3281 tumor
391 3215 510 3281 excitet
532 3215 687 3301 papillas,

85 3303 204 3379 Quales
228 3305 325 3369 cruda
349 3305 419 3368 viro
442 3304 551 3388 puella
574 3308 694 3383 servat,

86 3392 135 3457 Tu
158 3392 268 3476 nobis,
291 3392 398 3477 Clyte,
420 3394 487 3456 iam
510 3413 605 3456 senex
627 3389 759 3455 videris:

84 3480 167 3546 Tam
190 3481 312 3546 multos
337 3481 410 3564 quis
434 3481 519 3544 enim
542 3479 642 3543 fuisse
665 3478 774 3542 credat

84 3567 222 3634 Natales
245 3568 408 3633 Priamive
430 3567 642 3633 Nestorisve?
751 3639 752 3642 Ἴ

42 3672 75 3723 15
85 3654 136 3722 Sit
158 3656 290 3722 tandem
308 3657 416 3743 pudor
438 3659 471 3721 et
493 3657 610 3723 modus
632 3653 772 3743 rapinis.
