2408 4132
133 413 190 484 '14
472 421 509 474 M.
527 419 609 474 VAL.
628 419 824 474 muamus

621 581 678 646 XI.

189 684 272 750 Cum
294 686 370 752 data
392 688 457 752 sint
479 687 581 772 equiti
603 688 655 750 bis
678 688 778 770 quina
798 688 1009 774 nomismata,
1029 713 1131 774 quare

233 775 290 839 Bis
312 775 417 840 decies
441 777 544 858 solus,
567 773 757 858 Sextiliane‚
779 776 886 840 bibis?

188 861 258 926 Iam
281 862 450 928 defecisset
471 868 638 947 portantes
662 863 755 927 calda
777 864 958 948 ministros,

233 950 267 1015 Si
288 973 354 1015 non
376 955 520 1035 potareS,
543 949 733 1034 Sextiliane‚
755 973 888 1017 merum.

609 1109 682 1173 XII.

186 1212 256 1277 Itur
280 1215 320 1278 ad
343 1213 518 1280 Herculeas
541 1215 640 1301 gelidi
664 1237 728 1299 qua
750 1214 880 1280 Tiburis
904 1238 993 1282 arces

231 1299 382 1386 Canaque
406 1303 590 1387 sulphureis
612 1302 736 1367 Albula
757 1303 862 1368 fumat
885 1307 992 1388 aquis,

186 1390 274 1454 itura
295 1413 472 1474 nemusque
495 1413 621 1456 sacrum
644 1391 823 1476 dilectaque
845 1392 959 1476 iugera
981 1393 1084 1460 Musis

230 1476 346 1564 Signat
368 1479 475 1544 vicina
498 1483 632 1564 quartus
656 1480 697 1543 ab
720 1480 800 1544 urbe
822 1481 917 1564 lapis.

64 1626 69 1651 f
160 1566 247 1631 oHio
269 1567 357 1631 rudis
381 1567 521 1632 aestivas
545 1568 734 1652 praestabat
755 1569 901 1651 porticus
924 1569 1070 1654 umbras,

229 1654 301 1719 Heu
326 1678 421 1739 quam
444 1678 545 1740 paene
567 1678 688 1720 novum
709 1657 855 1739 porticus
879 1678 958 1720 ausa
980 1657 1086 1723 nefas!

185 1742 271 1807 Nam
295 1745 403 1809 subito
426 1745 581 1829 conlapsa
603 1745 682 1827 ruit,
706 1766 778 1808 cum
802 1743 887 1808 mole
910 1745 971 1809 sub
993 1745 1052 1810 illa

230 1831 384 1896 Gestatus
407 1832 528 1917 biiugis
552 1832 697 1918 Regulus
721 1837 806 1896 esset
829 1832 928 1915 equis.

185 1918 346 1983 Nimirum
369 1920 479 1983 timuit
501 1925 629 1985 nostras
652 1921 797 1984 Fortuna
820 1920 993 2004 querellas,

144 2021 175 2069 10
229 2005 317 2081 Quae
340 2030 400 2090 par
422 2014 490 2072 tam
513 2029 649 2093 magnae
667 2031 733 2073 non
752 2012 822 2072 erat
837 2007 985 2073 invidiae.

184 2093 279 2159 Nunc
303 2100 335 2159 et
357 2096 474 2160 damna
496 2097 623 2181 iuvant3
645 2100 722 2161 sunt
743 2096 816 2181 ipsa
837 2096 982 2181 pericula
1004 2099 1103 2163 tanti:

229 2181 357 2248 Stantia
378 2206 444 2248 non
466 2188 620 2269 poterant
642 2189 728 2249 tecta
750 2185 888 2267 probare
912 2183 997 2250 deos.

598 2343 687 2407 XIII.

185 2446 285 2514 Casta
308 2472 365 2514 suo
389 2449 532 2534 gladium
555 2472 627 2514 cum
649 2450 793 2513 traderet
816 2447 912 2512 Arria
934 2447 1049 2534 Paeto,

113 2600 116 2605 ,
230 2535 332 2611 Quem
354 2538 392 2602 de
416 2537 591 2602 visceribus
616 2537 792 2602 strinxerat
814 2537 886 2619 ipsa
909 2536 1003 2621 suis‚'

95 2606 113 2649 ¹
183 2622 237 2706 „Si
261 2647 324 2707 qua
346 2626 437 2708 fides,
462 2627 576 2689 vulnus
601 2627 686 2709 quod
707 2625 768 2690 feci
796 2646 861 2688 non
884 2623 1004 2706 dolet,“
1025 2625 1145 2712 inquit,

227 2709 309 2795 „Sed
332 2713 417 2796 quod
438 2717 476 2776 tu
497 2713 610 2797 facies,
632 2714 694 2778 hoc
718 2713 811 2797 mihi,
834 2712 946 2792 Paete,
968 2711 1084 2779 dolet.“

599 2870 685 2936 XIV.

184 2976 338 3061 Delicias,
361 2975 493 3058 Caesar,
516 2977 670 3060 lususque
692 2975 843 3060 iocosque
866 2975 997 3040 leonum
1024 3005 1027 3011 ·

226 3064 374 3129 Vidimus
400 3102 438 3111 —
462 3065 524 3129 hoo
548 3065 646 3129 ctiam
669 3068 815 3149 praestat
842 3064 963 3129 harena
984 3064 1046 3129 tibi
1069 3103 1113 3136 -.-

185 3151 425 3239 Comprensus
449 3152 569 3218 blando
593 3152 713 3216 totiens
739 3175 759 3216 a
782 3152 876 3216 dente
898 3153 1020 3217 rediret

227 3241 272 3307 Et
293 3264 351 3325 per
373 3246 487 3326 aperta
508 3260 611 3324 vagus
635 3243 777 3304 curreret
800 3262 857 3304 ora
880 3240 981 3324 lepus.

159 3329 276 3394 5Unde
299 3333 408 3414 potest
431 3328 543 3394 avidus
567 3331 680 3410 captae
702 3328 753 3391 leo
776 3349 908 3411 parcere
929 3326 1091 3412 praedae?

229 3416 290 3483 Sed
312 3423 422 3483 tamen
445 3439 513 3482 esse
536 3421 611 3480 tuus
635 3415 762 3479 dicitur:
787 3437 864 3501 ergo
886 3419 1006 3500 potest.

607 3554 677 3621 XV.

124 3650 133 3669 =.
185 3665 211 3731 0
234 3666 314 3731 mihi
336 3671 412 3750 post
433 3666 555 3741 nullos,
578 3663 654 3745 Iuli,
678 3662 884 3726 memorande
908 3628 1115 3745 sodalesJ*

224 3753 261 3818 Si
285 3754 361 3838 quid
384 3754 484 3839 longa
505 3753 585 3818 fides
609 3772 751 3837 canaque
773 3750 846 3814 iura
867 3750 993 3827 valent,
1067 3834 1071 3839 ⁵
