2408 4132
305 287 312 303 Ι

93 463 158 529 140
412 464 450 520 Μ.
469 464 552 519 VAL.
570 461 771 516 MARTIALIS

448 658 452 662 -
560 624 628 690 LV.

136 721 228 797 Quod
251 744 378 805 semper
400 722 550 805 casiaque
572 723 783 806 cinnamoque

135 810 180 874 IIt
202 811 278 875 nido
301 813 395 896 niger
418 811 504 874 alitis
528 811 684 894 superbae

134 896 277 984 Fragras
299 900 452 983 plumbea
474 897 697 981 Nicerotiana,

134 987 232 1052 Rides
255 1008 329 1069 nos,
352 985 521 1067 Ooraoine,
543 987 590 1050 nil
614 986 752 1050 olentes:

109 1073 237 1159 oMalo,
261 1096 359 1159 quam
382 1075 463 1139 beno
486 1076 585 1158 olere,
606 1075 656 1138 nil
679 1074 775 1139 olere.

553 1215 637 1280 LVI.

136 1312 229 1388 Quod
251 1312 313 1376 tibi
336 1335 429 1377 orura
451 1313 559 1398 rigent
582 1312 680 1377 saetis
703 1315 736 1375 et
758 1314 890 1395 pectora
912 1309 1012 1392 villis,

178 1399 290 1466 Verba
311 1405 407 1484 putas
429 1401 537 1465 famae
560 1405 605 1482 te,
628 1399 833 1482 Charidemo,
857 1397 955 1462 dare?

137 1489 290 1574 Extirpa,
313 1488 394 1552 mihi
418 1490 521 1569 erede,
543 1488 628 1572 pilos
652 1488 690 1552 de
713 1509 848 1571 corpore
870 1489 941 1551 toto

179 1577 288 1660 Teque
310 1577 412 1660 pilare
436 1581 509 1641 tuas
533 1577 707 1640 testificare
729 1579 832 1640 nates.

109 1680 124 1728 5
135 1664 244 1747 „Quae
267 1666 352 1729 ratio
371 1665 460 1728 est?“
483 1665 598 1748 inquis.
627 1662 695 1728 Scis
714 1664 835 1728 multos
859 1662 962 1728 dicere
981 1663 1099 1726 multa:

179 1749 244 1817 Fae
266 1752 429 1836 paedioari
451 1757 497 1831 te,
521 1752 724 1835 Charideme,
745 1755 870 1836 putent

547 1893 647 1958 LVII.

136 1988 284 2053 Mentiris
307 1988 401 2053 fictos
424 1993 603 2075 unguento,
624 1988 768 2073 Phoebe,
790 1988 926 2073 oapillos

181 2076 226 2141 Et
248 2077 371 2162 tegitur
393 2078 488 2160 pictis
512 2078 641 2143 sordida
663 2079 755 2143 calva
778 2077 886 2143 comis.

137 2165 315 2229 Tonsorem
339 2166 439 2251 ospiti
460 2188 526 2230 non
550 2170 599 2231 est
622 2166 773 2232 adhibere
795 2186 938 2230 neeesse:

180 2252 304 2318 Radere
328 2257 360 2317 te
384 2254 499 2319 melius
524 2276 680 2340 spongea,
703 2253 846 2338 Phoebe,
868 2256 985 2338 potest.

535 2402 653 2468 LVIII.

138 2499 275 2566 Cernere
299 2501 489 2567 Parrhasios
513 2501 589 2565 dum
611 2505 644 2566 te
667 2502 769 2579 iuvat,
792 2499 889 2584 Aule,
912 2499 1035 2565 triones

181 2589 335 2655 (lominus
360 2593 392 2654 et
416 2588 520 2654 Getici
543 2590 650 2654 sidera
671 2590 768 2675 pigra
789 2588 871 2673 poli,

139 2676 165 2742 0
190 2699 287 2761 quam
310 2699 413 2762 paene
436 2677 497 2741 tibi
521 2675 654 2763 Stygias
679 2699 739 2763 ego
762 2681 875 2762 raptus
899 2676 939 2741 ad
958 2675 1065 2741 undas

181 2765 315 2848 Elysiae
338 2765 404 2829 vidi
426 2765 540 2829 nubila
561 2765 653 2831 fusca
674 2766 807 2851 plagae!

111 2852 292 2927 oQuarnvis
316 2853 417 2934 lassa,
439 2856 514 2916 tuos
537 2855 736 2936 quaerebant
758 2853 884 2918 lumina
905 2853 1015 2918 vultus

181 2940 290 3023 Atque
314 2943 384 3003 erat
406 2940 440 3003 in
464 2940 571 3025 gelido
594 2942 751 3024 plurimus
775 2962 829 3006 ore
852 2940 988 3005 Pudens.

138 3026 172 3092 Si
195 3027 276 3091 mihi
298 3028 445 3091 lanificae
469 3028 590 3092 ducunt
612 3051 678 3094 non
700 3030 792 3114 pulla
815 3051 940 3093 sorores

184 3114 331 3180 Stamina
353 3137 412 3180 neo
436 3116 550 3180 surdos
572 3139 635 3182 vox
658 3118 758 3182 habet
779 3119 844 3182 ista
868 3117 956 3200 deos,

139 3202 266 3283 Sospite
289 3225 340 3267 me
364 3225 475 3286 sospes
498 3202 609 3268 Latias
633 3206 794 3270 reveheris
818 3205 860 3270 ad
882 3207 977 3270 urbes

96 3308 128 3356 10
181 3292 228 3372 Et
250 3292 369 3356 referes
392 3292 450 3375 pili
472 3295 616 3376 praemia
638 3295 743 3358 clarus
767 3316 873 3377 eques.

556 3433 638 3498 LIX.

138 3529 183 3593 Et
206 3530 293 3595 dolet
316 3533 348 3595 et
371 3531 529 3614 queritur,
553 3530 616 3595 sibi
637 3553 704 3595 non
726 3532 913 3616 contingere
935 3528 1052 3615 trigus,

182 3617 320 3704 Propter
343 3622 505 3684 sescentas
528 3616 671 3684 Baeoara
694 3620 903 3706 gausapinas,

139 3710 243 3790 Optat
265 3713 298 3773 et
321 3707 473 3773 obscuras
496 3709 584 3773 luces
607 3713 784 3792 ventosque
805 3708 861 3773 nir
1067 3780 1070 3787 ,

7 3882 11 3891 1
174 3793 255 3860 Odit
278 3802 313 3863 et
334 3796 510 3887 hibernos,
533 3798 562 3865 si
584 3800 734 3884 tepuere,
754 3726 1056 3871 q-,„„,Q,
