2408 4132
120 436 164 501 28
309 412 311 418 ’
448 435 485 492 n.
504 433 585 489 vsu.
604 433 803 490 umrrsms

164 598 257 664 Hanc
279 603 367 683 pete:
390 620 430 662 ne
453 602 580 664 metuas
603 599 708 663 fustus
730 599 892 682 limenque
915 599 1107 684 superbum:

79 756 86 787 k
209 686 309 751 Nulla
333 689 436 772 magis
459 690 532 753 toto
555 689 654 751 ianua
675 691 770 770 poste
793 691 898 771 patet,

83 790 100 843 t
122 792 154 840 15
164 774 242 876 Nec
252 777 385 876 propior
403 798 500 859 quam
518 774 668 840 Phoebus
687 779 774 876 amet
792 776 967 896 doctaequq
990 798 1130 842 sorores.

131 915 133 918 ‘
166 862 1031 1037 s13¹1t¹t⁰tctt¹3t¹3t*tttstssttttt..

208 1039 292 1124 Istc,
315 1039 475 1104 salutator
499 1040 639 1104 scribere
661 1062 727 1105 non
749 1039 885 1124 potuit.“

568 1215 682 1280 cxxi.
933 1188 936 1193 ’
968 1171 1049 1204 '²

84 1378 87 1383 ,
164 1320 284 1385 Laevia
307 1343 363 1386 sex
386 1321 526 1405 cyathis,
550 1325 673 1407 septem
695 1321 822 1387 Iustina
844 1323 990 1408 bibatur,
1038 1390 1041 1395 ,

77 1458 84 1483 ,,
210 1409 357 1494 Quinque
380 1408 499 1493 Lycus,
521 1409 610 1492 Lyde
634 1413 801 1494 quattuor,
823 1410 883 1476 Ida
906 1412 1020 1476 tribus.

83 1484 100 1531 Χ
166 1497 280 1562 Omnis
303 1498 344 1561 ab
367 1498 475 1562 infuso
498 1505 686 1562 numeretur
709 1499 813 1563 amics
835 1498 990 1584 Falerno,

208 1585 254 1650 Et
277 1585 353 1670 quie
374 1587 465 1650 nulla
488 1587 590 1670 venit,
612 1590 649 1649 tu
673 1587 767 1671 mihi,
792 1585 925 1673 Somne,
946 1588 1030 1654 veni.
1074 1648 1079 1655 .

556 1761 687 1827 LXXII.

165 1866 296 1933 Nostris
319 1869 467 1934 versibus
491 1890 561 1933 csse
583 1872 617 1931 te
639 1871 784 1952 poetam,

163 1955 346 2042 Fidentine,
369 1962 465 2040 putes
488 1957 643 2040 cupisque
666 1957 774 2021 credi?
841 2028 845 2039 ι
868 2000 895 2037 ,5
916 2028 920 2035 ¹
942 1965 952 2027 ¹.

166 2042 219 2109 Sic
242 2045 376 2109 dentata
399 2044 463 2109 sibi
485 2045 613 2109 videtur
634 2043 756 2130 Aegle...
776 2072 792 2093 ἰ
834 2082 837 2087 ,
875 2044 878 2051 '

163 2132 294 2216 Emptis
318 2134 446 2198 ossibus
469 2132 645 2217 Indicoque
668 2155 781 2217 cornu3
897 2134 900 2139 ’
984 2136 987 2151 “

87 2284 95 2328 t
139 2219 219 2285 uSic
243 2243 324 2305 quae
346 2223 473 2306 nigrior
495 2226 546 2286 est
568 2211 703 2286 cudente
726 2220 874 2305 moro‚¹:*'
887 2222 954 2279 ’.ἱ-’ἒ
975 2234 980 2257 '-

103 2324 108 2341 ³
165 2308 340 2387 Cerussata
363 2311 426 2374 sibi
448 2311 556 2395 placet
578 2309 721 2395 Lycoris.
761 2309 789 2322 ‘'

164 2398 235 2462 Hac
258 2403 291 2462 et
312 2403 350 2462 tu
372 2400 498 2463 ratione
521 2421 585 2482 qua
607 2403 703 2480 poete
725 2420 773 2482 es,

166 2484 285 2550 Calvus
309 2509 382 2551 cum
405 2487 518 2570 fueris,
542 2488 605 2550 eris
629 2489 784 2551 comatus

945 2186 947 2193 '
975 2222 989 2231 ..
1025 2191 1107 2253 ⁸2⁸⁵!qu

1106 2261 1110 2277 ι

548 2661 696 2725 LXXIII.

165 2765 284 2830 Nullus
307 2767 343 2829 in
365 2767 444 2830 urbe
466 2765 530 2830 fuit
552 2769 625 2830 tota
647 2766 703 2849 qui
725 2770 861 2852 tangere
883 2770 981 2834 vellet

209 2853 350 2919 Uxorem
374 2854 491 2939 gratis,
514 2852 708 2936 Caeciliane,
731 2859 835 2936 tuam,

165 2942 252 3006 Dum
274 2942 378 3005 licuit:
402 2941 458 3005 sed
479 2963 564 3006 nunc
586 2943 702 3026 positis
726 2945 913 3010 custodibus
936 2947 1052 3033 ingens

210 3029 319 3093 Turba
341 3031 523 3094 fututorum
546 3035 609 3094 est:
632 3032 819 3116 ingeniosus
842 3033 940 3098 homo
965 3057 1015 3100 es.
1051 3064 1054 3069 >

553 3206 698 3276 LXXIV.

164 3311 318 3376 Moechus
337 3314 421 3393 erat:
439 3314 570 3395 poteras
589 3317 699 3378 tamen
717 3315 781 3380 hoc
797 3318 848 3400 tu,
866 3316 983 3402 Paula,
1001 3342 1130 3406 negare.

209 3400 293 3464 Ecce
316 3401 365 3464 vir
389 3403 452 3465 est:
474 3403 645 3486 numquid,
667 3403 785 3487 Paula,
807 3425 927 3491 negare
949 3411 1066 3493 potes?

558 3578 688 3645 LXXV.

164 3684 343 3750 Dimidium
366 3684 485 3750 donare
507 3683 588 3752 Lino
612 3708 709 3770 quam
732 3686 860 3752 credere
882 3692 992 3756 totum

208 3772 271 3847 Qui
291 3775 434 3854 mavult,
456 3776 583 3841 mavult
604 3776 737 3861 perdere
761 3776 938 3844 dimidium.
