2408 4132
339 354 634 410 ueieunmrlrou
652 357 720 413 mn
739 358 773 412 v
998 361 1060 424 107

72 533 106 599 5,
107 514 196 599 ‚Sors
216 537 287 579 mea
305 538 402 599 quam
416 517 529 581 fratris
543 517 665 602 melior,
680 520 813 583 curtam
828 520 994 606 propolas
1012 527 1062 586 est

143 603 294 684 Cernere,
316 608 383 668 tam
408 604 505 690 louge
529 628 625 690 quem
648 607 727 670 colit
750 608 806 671 ille
830 608 953 674 deum.“

530 735 588 801 iv.

98 833 234 897 Foetere
256 833 358 897 multo
381 832 522 916 Myrtale
545 835 629 898 solet
650 835 740 919 vino,
781 909 785 916 ,

100 921 163 986 Sed
184 920 282 985 fallat
303 924 339 984 ut
362 942 436 1005 noa,
458 921 537 985 folia
560 922 693 987 devorat
715 923 798 987 lauri

98 1009 288 1092 Merumque
312 1012 407 1073 cauta
429 1008 555 1092 fronde,
577 1032 644 1074 nou
667 1033 750 1094 aqua
773 1011 896 1076 miscet.

98 1097 192 1161 Hanc
214 1101 251 1160 tu
274 1096 443 1160 rubentem
465 1098 722 1180 prominentibus
744 1099 834 1163 venis

72 1185 254 1260 5Quotiens
277 1185 400 1265 venire,
422 1184 536 1268 Paule,
559 1187 676 1250 videris
700 1191 826 1271 contra,

98 1273 196 1338 Dicas
220 1273 332 1336 licebit
353 1272 513 1356 „Myrtale
536 1275 620 1337 bibit
643 1275 801 1340 laurum.“

10 1429 53 1542 ὃ(
330 1511 336 1522 ι
539 1413 579 1479 V.

100 1508 208 1594 Sexte,
230 1510 400 1594 Palatinae
424 1512 530 1588 cultor
551 1510 688 1576 facunde
710 1511 889 1597 Minervae,
906 1519 1019 1565 ΛΜ
1033 1484 1164 1558 msa*
1196 1575 1202 1593 „

142 1597 277 1683 ingenio
301 1599 417 1662 frueris
442 1600 497 1682 qui
518 1600 670 1683 propiore
694 1600 745 1664 dei
763 1637 807 1646 -

98 1686 185 1750 Nam
208 1687 270 1750 tibi
292 1690 460 1750 nascentes
484 1687 607 1751 domiui
630 1708 823 1773 cognoscere
847 1711 940 1753 curas

141 1775 187 1839 Et
211 1779 334 1853 secreta
299 1775 446 1839 tducis
469 1779 603 1858 pectora
624 1798 720 1841 nosse
743 1776 883 1841 licet-

72 1862 150 1928 osii
172 1848 262 1928 locus
286 1867 318 1926 et
340 1864 461 1927 nostris
485 1864 593 1947 aliqua
615 1865 678 1929 tibi
700 1869 795 1947 parte
762 1799 953 1947 tlibellis‚

143 1950 214 2025 Qua
235 1951 337 2031 Pedo,
360 1973 423 2034 qua
445 1949 573 2015 Marsus
598 1974 723 2053 quaque
747 1951 895 2017 Catullus
921 1955 1007 2017 eri.

100 2038 152 2101 Ad
176 2037 272 2121 Capit
258 2001 354 2104 tolirii
377 2039 531 2102 caelestia
554 2041 698 2103 carmina
720 2040 799 2104 belli

142 2126 272 2191 Grande
295 2127 482 2191 cothurnati
504 2148 588 2209 pone
610 2126 756 2190 Maronis
780 2149 870 2211 opus.

530 2265 587 2331 VI.

10 2331 32 2391 'i
99 2364 134 2429 Si
156 2386 222 2429 nou
245 2366 295 2427 est
318 2382 417 2446 grave
439 2385 498 2428 nec
520 2364 618 2428 nimis
642 2316 758 2428 molest
744 2368 852 2447 t‚-um
987 2421 1019 2453 n

97 2450 223 2536 Musae,
246 2451 593 2553 PartheniumJogate
615 2456 773 2517 vestrum.
811 2415 914 2547 ι’νζ
954 2442 1026 2581 ζὛ
1043 2441 1191 2551 mu,

99 2540 151 2604 Sic
174 2543 207 2603 te
232 2540 333 2604 serior
356 2544 389 2604 et
411 2541 509 2604 beata
532 2541 694 2623 quondam
911 2522 1072 2592 ΜΝ
1127 2544 1134 2555 ’

99 2628 197 2693 Salvo
221 2626 358 2692 Caesare
380 2628 473 2691 finiat
495 2633 643 2693 senectus

40 2716 194 2783 tEt
169 2738 213 2780 srs
235 2716 358 2780 invidia
379 2715 508 2780 favente
530 2716 623 2802 felix,

99 2803 151 2869 Sic
173 2802 364 2867 Burrust
320 2805 384 2868 cito
409 2806 529 2869 sentiat
551 2809 732 2888 parentem:

99 2892 264 2956 Admittas
287 2893 435 2957 timidam
458 2892 650 2978 brevemque
674 2894 819 2959 chartam

98 2979 189 3043 Intra
212 2980 325 3044 limina
348 2980 518 3045 sanctioris
542 2982 644 3047 aulae.

99 3067 196 3132 Nosti
218 3071 366 3151 tempora
388 3072 425 3131 tu
446 3068 534 3134 Iovis
558 3070 675 3153 sereni,
715 3107 721 3124 ·

56 3172 88 3220 10
99 3154 180 3220 Cum
202 3154 309 3240 fulget
330 3156 457 3239 placido
481 3179 603 3242 suoque
625 3154 764 3241 voleat

99 3243 169 3318 Quo
192 3244 239 3307 nil
263 3245 462 3328 supplicibus
486 3247 568 3310 solet
590 3268 719 3330 negare.

98 3332 129 3396 N
132 3355 173 3397 on
196 3336 246 3396 est
270 3332 356 3416 quod
378 3337 503 3397 metuas
526 3356 637 3418 preces
660 3335 801 3418 iniquas:

98 3420 275 3504 Nunquam
298 3421 434 3506 grandia
455 3443 514 3486 nec
537 3423 675 3487 molesta
697 3423 803 3505 poscit

99 3508 187 3583 Quae
211 3509 304 3573 cedro
328 3510 479 3573 decorata
499 3531 705 3595 purpuraque

56 3613 88 3662 15
100 3596 214 3681 Nigris
237 3597 358 3681 pagina
381 3600 482 3661 crevit
505 3598 675 3663 umbilicis.

95 3684 165 3749 Nec
182 3685 368 3768 porrexeris
391 3686 470 3774 ista,
493 3687 552 3755 sed
572 3691 712 3755 tsueto'
