2408 4132
346 475 638 532 EPIGRAMMATON
658 477 724 534 LIB.
742 478 789 534 IX.
999 476 1063 544 217

79 640 185 706 5Tam
210 660 308 725 grave
330 639 492 723 percussis
515 640 684 704 incudibus
708 662 783 705 aera
805 641 980 725 resultant,

149 726 352 793 Causidicum
375 727 480 791 medio
504 749 577 793 cum
599 728 691 792 faber
715 732 807 813 aptat
830 750 925 814 equ03

105 816 217 880 Mitior
239 816 274 882 in
297 836 415 901 magno
439 816 561 880 clamor
582 815 664 880 furit
687 816 941 900 amphitheatro,

149 903 302 969 Vincenti
324 926 454 988 parmae
477 926 551 968 cum
573 926 632 970 sua
653 906 751 969 turba
771 904 869 971 favet.

104 992 213 1058 Vicini
236 1013 385 1057 somnum
403 1028 447 1039 —
464 1014 530 1058 non
551 995 624 1058 tota
645 996 799 1072 nocte-
817 1015 984 1079 rogamus:

62 1099 95 1147 10
148 1080 235 1146 Nam
257 1080 393 1164 vigilare
415 1081 487 1146 leve
510 1084 571 1164 est,
595 1081 790 1166 pervigilare
813 1102 911 1167 grave
935 1086 994 1148 est

87 1168 292 1254 ¹Discipulos
315 1169 442 1233 dimitte
465 1173 549 1234 tuos.
586 1169 657 1252 vis,
681 1170 823 1255 garrule,
847 1173 1002 1254 quantum

149 1257 279 1341 Accipis
303 1260 339 1322 ut
361 1256 495 1341 clames,
518 1257 662 1343 accipere
684 1261 722 1322 ut
744 1259 875 1322 taceas?

466 1414 469 1422 ’
506 1449 620 1516 anm

107 1555 187 1622 Cum
210 1555 327 1638 futuis,
348 1554 575 1641 Polycharme,
599 1557 684 1622 soles
706 1557 744 1622 in‘
762 1558 826 1623 fine
849 1579 968 1623 cacare.

151 1644 231 1710 Cum
254 1643 446 1730 paedicaris,
471 1645 560 1730 quid,
582 1645 810 1731 Polycharmo,
832 1646 934 1712 facis?

520 1838 619 1907 LXX

106 1946 241 2011 Dixerat
263 1966 302 2029 „0
325 1945 444 2011 mores!
468 1968 487 2011 ο
509 1945 692 2029 temporat‘
727 1947 853 2011 Tullius
877 1946 968 2027 olim,

152 2033 351 2118 Sacrilegum
375 2037 513 2098 strueret
535 2056 607 2098 cum
632 2032 774 2099 Catilina
795 2034 899 2120 nefas,

109 2120 191 2187 (lum
214 2124 434 2207 generatque
457 2143 547 2186 socer
571 2122 649 2186 diris
673 2127 875 2188 concurreret
897 2122 995 2187 armis

151 2210 340 2294 Maestaque
363 2209 451 2275 civili
473 2210 568 2274 caede
592 2209 736 2275 maderet
758 2211 882 2274 humus.

82 2297 173 2364 oOur
194 2319 279 2363 nunc
300 2321 339 2380 „o
358 2297 504 2379 mores!“,
527 2319 585 2362 cur
602 2320 687 2363 nunc
709 2319 747 2380 „o
766 2297 947 2381 temporal“
966 2297 1065 2363 dicis?

152 2385 244 2463 Quod
266 2386 328 2450 tibi
350 2407 416 2450 non
439 2385 578 2468 placeat,
601 2384 795 2468 Caeciliane,
819 2386 895 2470 quid
918 2387 990 2451 est?

110 2475 209 2539 Nulla
232 2475 346 2539 ducum
369 2473 491 2558 feritas,
512 2474 604 2538 nulla
627 2477 677 2539 est
699 2473 826 2538 insania
847 2473 940 2559 ferri3

151 2562 234 2628 Pace
256 2561 322 2626 frui
345 2565 433 2628 certa
455 2562 646 2646 laetitiaque
669 2561 754 2627 licet.

107 2650 183 2716 Non
204 2651 310 2715 nostri
330 2650 467 2729 faciunt,
489 2650 551 2716 tibi
573 2651 659 2734 quod
676 2654 733 2715 tua
755 2654 904 2735 tempora
922 2649 1066 2734 sordent,

66 2757 97 2805 ιο
153 2737 216 2804 Sed
238 2739 362 2804 iaciunt
384 2760 504 2822 mores,
526 2737 720 2822 Caeciliana,
742 2740 800 2804 tui.

509 2914 622 2980 LXXI.

108 3020 246 3106 Massyli
267 3023 318 3086 leo
340 3021 430 3086 fama
451 3022 520 3106 iugi
543 3021 731 3106 pecorisque
755 3022 891 3086 maritus

152 3109 304 3195 Lanigeri
326 3110 443 3174 mirum
467 3133 531 3195 qua
553 3111 656 3175 coiere
678 3110 750 3175 fide.

108 3198 181 3283 Ipse
203 3199 279 3262 licet
302 3198 424 3281 videas,
447 3219 544 3263 cavea
567 3198 774 3262 stabulantur
795 3196 830 3261 in
852 3218 917 3262 una

151 3286 198 3352 nt
219 3286 342 3372 pariter
365 3286 469 3351 socias
493 3286 598 3370 carpit
619 3290 754 3368 uterque
778 3285 889 3368 dapes:

82 3373 176 3441 5Nec
197 3375 268 3439 fetu
289 3396 456 3439 nemorum
480 3376 622 3461 gaudent
644 3397 703 3438 nec
726 3373 859 3438 mitibus
881 3371 1005 3456 herbis,

153 3462 351 3528 Concordem
375 3464 474 3528 satiat
497 3464 552 3528 sed
575 3463 663 3527 rudis
687 3482 771 3545 agna
793 3460 922 3525 famem.

110 3551 193 3626 Quid
216 3552 335 3616 meruit
357 3554 462 3617 terror
483 3551 634 3634 Nemees,
657 3550 733 3634 quid
756 3549 895 3634 portitor
917 3547 1046 3628 Helles,

153 3638 199 3704 Ut
221 3641 348 3704 niteant
361 3640 448 3704 celsi
470 3639 577 3704 lucida
600 3641 695 3725 signe
716 3637 805 3721 poli?

109 3725 220 3792 Sidera
243 3728 271 3792 si
293 3732 427 3811 possent
449 3726 649 3813 pecudesque
671 3727 821 3810 feraeque
844 3727 975 3808 mereri,

66 3832 98 3881 10
153 3815 216 3880 Hic
238 3815 321 3880 aries
344 3817 456 3903 astris,
479 3816 534 3883 hic
555 3816 610 3884 leo
633 3815 757 3906 dignus
779 3817 867 3880 crab.
993 3887 996 3891 ,
