2408 4132
327 518 619 577 nmoannnsson
638 522 704 580 nna.
723 523 796 580 xm
992 521 1055 590 309

430 681 485 748 Xl.
508 683 676 749 Hordeum.

96 780 198 845 Mulio
221 780 307 865 quod
328 801 395 845 non
417 778 472 844 det
495 780 657 864 tantoris,
681 781 803 865 accipe,
827 781 932 846 mulis.

140 867 229 934 Haeo
253 889 313 954 ego
336 869 466 953 ooponi,
488 889 555 933 non
576 869 638 933 tibi
661 868 745 934 dona
767 869 847 934 dedi.

399 1006 473 1074 XII.
494 1009 709 1075 Francorum.

97 1108 291 1173 Tercentum
312 1103 427 1189 Libyci
449 1105 575 1171 modios
599 1106 638 1171 de
660 1127 765 1171 messe
788 1105 894 1171 ooloni

142 1194 250 1279 Sume,
274 1194 476 1259 suburbanus
499 1215 540 1258 ne
563 1194 722 1260 moriatur
744 1214 829 1280 ager.

446 1332 537 1400 XIII.
559 1334 665 1401 Betae.

96 1431 143 1498 Ut
165 1431 296 1516 sapient
317 1431 439 1516 fatuae,
460 1429 628 1496 fabrorum
651 1432 799 1516 prandia,
822 1431 928 1515 betae,

141 1519 168 1585 O
191 1542 289 1604 quam
312 1541 407 1605 saepe
429 1521 519 1603 petet
541 1520 618 1585 vina
640 1521 794 1606 piperque
817 1523 923 1586 rocus!

427 1658 515 1725 XIV.
537 1660 681 1727 Laetera.
698 1653 700 1656 ’

97 1757 233 1823 Cludere
256 1778 337 1843 quae
360 1778 456 1826 eonas
478 1758 603 1823 lactuca
626 1757 754 1823 solebat
777 1779 923 1840 avorum,

139 1847 202 1912 Dio
224 1847 317 1931 mihi,
340 1867 397 1912 our
418 1850 549 1911 nostras
571 1846 704 1912 inchoat
725 1847 785 1911 illa
806 1846 927 1931 dapes?

381 1985 452 2052 XV.
474 1987 579 2070 laam
600 2007 729 2072 acapna

96 2091 132 2158 Si
155 2093 261 2158 vioiua
282 2092 345 2157 tibi
367 2091 531 2158 Nomento
553 2114 630 2156 rura
652 2093 810 2178 colantur,

140 2181 192 2247 Ad
215 2181 327 2246 villam
350 2201 480 2265 moneo,
502 2181 635 2263 rustino,
657 2181 748 2265 ligna
769 2181 865 2246 feras.

447 2318 535 2386 xvr.
557 2319 659 2404 aaa.

95 2428 185 2494 Haeo
205 2428 268 2494 tibi
290 2427 431 2492 brumali
455 2426 631 2512 gaudentia
652 2425 774 2512 frigore
796 2447 876 2511 rapa

140 2516 228 2593 Quae
251 2517 378 2599 damus,
400 2516 436 2579 in
458 2515 546 2580 caelo
568 2514 726 2580 Romulus
750 2535 820 2579 osse
843 2515 934 2581 solet

363 2654 468 2722 XVII.
488 2656 601 2722 Farris
622 2656 749 2723 coliculi.

95 2762 146 2829 No
168 2763 230 2828 tibi
251 2763 410 2848 pallentes
433 2766 586 2828 moveant
606 2761 741 2828 fastidia
762 2763 884 2849 oaules,

139 2850 271 2917 Nitrata
292 2851 406 2918 viridis
429 2850 573 2917 brassica
594 2851 654 2916 fiat
677 2872 769 2936 aqua.

367 2990 489 3059 XVIII.
512 2991 609 3058 Porri
628 2994 739 3058 satrba'.

94 3097 168 3164 Fila
190 3097 359 3165 Tarentini
382 3098 526 3185 graviter
547 3098 728 3164 redolentia
750 3100 840 3184 porri

139 3187 248 3251 Edisti
270 3187 431 3272 quotiens,
455 3188 564 3253 oseula
587 3188 676 3252 elusa
699 3189 784 3252 dato.

372 3327 459 3394 XIX.
481 3327 577 3394 Porri
598 3329 734 3411 capitati.

95 3431 199 3496 Mittit
220 3433 411 3517 praecipuos
432 3434 608 3499 nemoralis
632 3432 742 3498 Arioia
764 3454 892 3517 porros:

139 3520 178 3584 In
200 3521 294 3586 niveo
317 3521 436 3586 virides
460 3521 573 3606 stipite
596 3543 691 3587 oerne
714 3543 830 3586 eomas.

95 3766 165 3832 Hos
187 3767 377 3834 Amiternus
400 3661 650 3856 agerxiilibibiii
672 3770 794 3836 adunat
808 3768 942 3835 borbum.

133 3857 295 3922 Nursinas
313 3859 443 3944 poteris
466 3861 603 3949 parcius
627 3883 703 3930 esso
722 3859 830 3949 nilus.
