<?xml version="1.0" encoding="UTF-8"?>
<!DOCTYPE html PUBLIC "-//W3C//DTD XHTML 1.0 Transitional//EN"
    "http://www.w3.org/TR/xhtml1/DTD/xhtml1-transitional.dtd">
<html xmlns="http://www.w3.org/1999/xhtml" xml:lang="en" lang="en">
 <head>
  <title>
</title>
<meta http-equiv="Content-Type" content="text/html;charset=utf-8" />
  <meta name='ocr-system' content='tesseract 3.04.00' />
  <meta name='ocr-capabilities' content='ocr_page ocr_carea ocr_par ocr_line ocrx_word'/>
</head>
<body>
  <div class='ocr_page' id='page_1' title='image "./mvaleriimartial00gilbgoog/mvaleriimartial00gilbgoog_0292.png"; bbox 0 0 2408 4132; ppageno 0'>
   <div class='ocr_carea' id='block_1_1' title="bbox 372 518 1089 586">
    <p class='ocr_par' dir='ltr' id='par_1_1' title="bbox 372 518 1089 586">
     <span class='ocr_line' id='line_1_1' title="bbox 372 518 1089 586; baseline 0.017 -12"><span class='ocrx_word' id='word_1_1' title='bbox 372 518 668 575; x_wconf 79' lang='lat' dir='ltr'><strong>EPIGRAMMATON</strong></span> <span class='ocrx_word' id='word_1_2' title='bbox 685 519 752 576; x_wconf 88' lang='lat' dir='ltr'>LlB.</span> <span class='ocrx_word' id='word_1_3' title='bbox 770 520 805 577; x_wconf 87' lang='lat' dir='ltr'>X.</span> <span class='ocrx_word' id='word_1_4' title='bbox 1025 519 1089 586; x_wconf 80' lang='grc'>245</span> 
     </span>
    </p>
   </div>
   <div class='ocr_carea' id='block_1_2' title="bbox 105 679 1044 768">
    <p class='ocr_par' dir='ltr' id='par_1_2' title="bbox 105 679 1044 768">
     <span class='ocr_line' id='line_1_2' title="bbox 105 679 1044 768; baseline -0.001 -20"><span class='ocrx_word' id='word_1_5' title='bbox 105 680 240 768; x_wconf 71' lang='grc' dir='ltr'><em>δΚύριέ</em></span> <span class='ocrx_word' id='word_1_6' title='bbox 259 704 339 766; x_wconf 83' lang='grc' dir='ltr'><em>μου,</em></span> <span class='ocrx_word' id='word_1_7' title='bbox 363 679 436 765; x_wconf 81' lang='grc' dir='ltr'><strong><em>μέλι</em></strong></span> <span class='ocrx_word' id='word_1_8' title='bbox 459 705 538 766; x_wconf 85' lang='grc' dir='ltr'><em>μου,</em></span> <span class='ocrx_word' id='word_1_9' title='bbox 561 684 650 766; x_wconf 78' lang='grc' dir='ltr'>ψυχή</span> <span class='ocrx_word' id='word_1_10' title='bbox 673 705 739 766; x_wconf 84' lang='grc' dir='ltr'>μου</span> <span class='ocrx_word' id='word_1_11' title='bbox 761 682 909 766; x_wconf 83' lang='lat' dir='ltr'>congeris</span> <span class='ocrx_word' id='word_1_12' title='bbox 931 704 1044 767; x_wconf 88' lang='lat' dir='ltr'>usque,</span> 
     </span>
    </p>
   </div>
   <div class='ocr_carea' id='block_1_3' title="bbox 88 770 1014 1384">
    <p class='ocr_par' dir='ltr' id='par_1_3' title="bbox 131 770 1010 1030">
     <span class='ocr_line' id='line_1_3' title="bbox 175 770 1010 856; baseline 0.002 -23"><span class='ocrx_word' id='word_1_13' title='bbox 175 770 300 834; x_wconf 90' lang='lat' dir='ltr'>-Pro</span> <span class='ocrx_word' id='word_1_14' title='bbox 324 770 440 853; x_wconf 82' lang='lat' dir='ltr'>pudor!</span> <span class='ocrx_word' id='word_1_15' title='bbox 461 806 499 816; x_wconf 92' lang='lat'><em>-</em></span> <span class='ocrx_word' id='word_1_16' title='bbox 521 770 684 836; x_wconf 90' lang='lat' dir='ltr'>Hersiliae</span> <span class='ocrx_word' id='word_1_17' title='bbox 706 771 786 836; x_wconf 83' lang='lat' dir='ltr'>civis</span> <span class='ocrx_word' id='word_1_18' title='bbox 809 774 841 836; x_wconf 90' lang='lat' dir='ltr'>et</span> <span class='ocrx_word' id='word_1_19' title='bbox 864 771 1010 856; x_wconf 81' lang='lat' dir='ltr'><strong>Egeriae.</strong></span> 
     </span>
     <span class='ocr_line' id='line_1_4' title="bbox 131 857 1008 944; baseline 0.001 -22"><span class='ocrx_word' id='word_1_20' title='bbox 131 858 282 924; x_wconf 78' lang='lat' dir='ltr'>Lectulus</span> <span class='ocrx_word' id='word_1_21' title='bbox 305 857 365 922; x_wconf 89' lang='lat' dir='ltr'>has</span> <span class='ocrx_word' id='word_1_22' title='bbox 388 879 496 942; x_wconf 83' lang='lat' dir='ltr'>voces,</span> <span class='ocrx_word' id='word_1_23' title='bbox 518 881 577 924; x_wconf 89' lang='lat' dir='ltr'>neo</span> <span class='ocrx_word' id='word_1_24' title='bbox 599 859 735 925; x_wconf 89' lang='lat' dir='ltr'>lectulus</span> <span class='ocrx_word' id='word_1_25' title='bbox 758 860 868 924; x_wconf 86' lang='lat' dir='ltr'>audiat</span> <span class='ocrx_word' id='word_1_26' title='bbox 891 860 1008 944; x_wconf 88' lang='lat' dir='ltr'>omnis,</span> 
     </span>
     <span class='ocr_line' id='line_1_5' title="bbox 176 947 869 1030; baseline 0.003 -18"><span class='ocrx_word' id='word_1_27' title='bbox 176 947 239 1012; x_wconf 82' lang='lat' dir='ltr'>Sed</span> <span class='ocrx_word' id='word_1_28' title='bbox 262 968 358 1030; x_wconf 89' lang='lat' dir='ltr'>quem</span> <span class='ocrx_word' id='word_1_29' title='bbox 379 947 500 1012; x_wconf 87' lang='lat' dir='ltr'>lascivo</span> <span class='ocrx_word' id='word_1_30' title='bbox 524 949 641 1012; x_wconf 86' lang='lat' dir='ltr'>stravit</span> <span class='ocrx_word' id='word_1_31' title='bbox 664 948 768 1013; x_wconf 87' lang='lat' dir='ltr'>amica</span> <span class='ocrx_word' id='word_1_32' title='bbox 790 949 869 1014; x_wconf 86' lang='lat' dir='ltr'>viro.</span> 
     </span>
    </p>

    <p class='ocr_par' dir='ltr' id='par_1_4' title="bbox 88 1035 1014 1298">
     <span class='ocr_line' id='line_1_6' title="bbox 132 1035 1014 1122; baseline -0.002 -21"><span class='ocrx_word' id='word_1_33' title='bbox 132 1036 221 1101; x_wconf 88' lang='lat' dir='ltr'>Scire</span> <span class='ocrx_word' id='word_1_34' title='bbox 244 1035 334 1119; x_wconf 90' lang='lat' dir='ltr'>cupis</span> <span class='ocrx_word' id='word_1_35' title='bbox 358 1056 421 1119; x_wconf 90' lang='lat' dir='ltr'>quo</span> <span class='ocrx_word' id='word_1_36' title='bbox 445 1039 536 1100; x_wconf 87' lang='lat' dir='ltr'>casta</span> <span class='ocrx_word' id='word_1_37' title='bbox 558 1037 655 1101; x_wconf 91' lang='lat' dir='ltr'>modo</span> <span class='ocrx_word' id='word_1_38' title='bbox 678 1039 828 1101; x_wconf 88' lang='lat' dir='ltr'>matrona</span> <span class='ocrx_word' id='word_1_39' title='bbox 850 1035 1014 1122; x_wconf 82' lang='lat' dir='ltr'>loquaris?</span> 
     </span>
     <span class='ocr_line' id='line_1_7' title="bbox 88 1122 1006 1209; baseline -0.001 -20"><span class='ocrx_word' id='word_1_40' title='bbox 88 1141 120 1189; x_wconf 92' lang='lat'>10</span> <span class='ocrx_word' id='word_1_41' title='bbox 174 1122 352 1207; x_wconf 86' lang='lat' dir='ltr'>Numquid,</span> <span class='ocrx_word' id='word_1_42' title='bbox 376 1145 447 1188; x_wconf 90' lang='lat' dir='ltr'>cum</span> <span class='ocrx_word' id='word_1_43' title='bbox 471 1126 602 1207; x_wconf 80' lang='lat' dir='ltr'>criseas,</span> <span class='ocrx_word' id='word_1_44' title='bbox 624 1124 774 1191; x_wconf 89' lang='lat' dir='ltr'>blandior</span> <span class='ocrx_word' id='word_1_45' title='bbox 797 1147 866 1190; x_wconf 87' lang='lat' dir='ltr'>esse</span> <span class='ocrx_word' id='word_1_46' title='bbox 889 1124 1006 1209; x_wconf 80' lang='lat' dir='ltr'>potes?</span> 
     </span>
     <span class='ocr_line' id='line_1_8' title="bbox 131 1212 977 1298; baseline 0.001 -22"><span class='ocrx_word' id='word_1_47' title='bbox 131 1213 181 1276; x_wconf 83' lang='lat' dir='ltr'>&#39;Pu</span> <span class='ocrx_word' id='word_1_48' title='bbox 204 1212 281 1276; x_wconf 91' lang='lat' dir='ltr'>licet</span> <span class='ocrx_word' id='word_1_49' title='bbox 304 1212 427 1276; x_wconf 88' lang='lat' dir='ltr'>ediscas</span> <span class='ocrx_word' id='word_1_50' title='bbox 450 1216 555 1277; x_wconf 87' lang='lat' dir='ltr'>totam</span> <span class='ocrx_word' id='word_1_51' title='bbox 577 1212 760 1297; x_wconf 80' lang='lat' dir='ltr'>referasque</span> <span class='ocrx_word' id='word_1_52' title='bbox 784 1212 977 1298; x_wconf 81' lang='lat' dir='ltr'>Corinthon,</span> 
     </span>
    </p>

    <p class='ocr_par' dir='ltr' id='par_1_5' title="bbox 174 1300 891 1384">
     <span class='ocr_line' id='line_1_9' title="bbox 174 1300 891 1384; baseline 0.003 -19"><span class='ocrx_word' id='word_1_53' title='bbox 174 1300 250 1365; x_wconf 92' lang='lat' dir='ltr'>Non</span> <span class='ocrx_word' id='word_1_54' title='bbox 271 1303 382 1364; x_wconf 87' lang='lat' dir='ltr'>tamen</span> <span class='ocrx_word' id='word_1_55' title='bbox 404 1302 549 1384; x_wconf 92' lang='lat' dir='ltr'>omnino,</span> <span class='ocrx_word' id='word_1_56' title='bbox 571 1301 695 1384; x_wconf 86' lang='lat' dir='ltr'>Laelia,</span> <span class='ocrx_word' id='word_1_57' title='bbox 718 1301 795 1366; x_wconf 88' lang='lat' dir='ltr'>Lais</span> <span class='ocrx_word' id='word_1_58' title='bbox 819 1302 891 1367; x_wconf 89' lang='lat' dir='ltr'>eris.</span> 
     </span>
    </p>
   </div>
   <div class='ocr_carea' id='block_1_4' title="bbox 532 1431 646 1498">
    <p class='ocr_par' dir='ltr' id='par_1_6' title="bbox 532 1431 646 1498">
     <span class='ocr_line' id='line_1_10' title="bbox 532 1431 646 1498; baseline 0.018 -2"><span class='ocrx_word' id='word_1_59' title='bbox 532 1431 646 1498; x_wconf 86' lang='lat' dir='ltr'>LXIX.</span> 
     </span>
    </p>
   </div>
   <div class='ocr_carea' id='block_1_5' title="bbox 131 1527 951 1704">
    <p class='ocr_par' dir='ltr' id='par_1_7' title="bbox 131 1527 951 1704">
     <span class='ocr_line' id='line_1_11' title="bbox 131 1527 951 1617; baseline 0 -22"><span class='ocrx_word' id='word_1_60' title='bbox 131 1528 288 1595; x_wconf 80' lang='lat' dir='ltr'>Custodes</span> <span class='ocrx_word' id='word_1_61' title='bbox 313 1529 383 1612; x_wconf 88' lang='lat' dir='ltr'>das,</span> <span class='ocrx_word' id='word_1_62' title='bbox 405 1527 511 1612; x_wconf 91' lang='lat' dir='ltr'>Polla,</span> <span class='ocrx_word' id='word_1_63' title='bbox 533 1529 619 1613; x_wconf 80' lang='lat' dir='ltr'>viro,</span> <span class='ocrx_word' id='word_1_64' title='bbox 640 1550 705 1594; x_wconf 90' lang='lat' dir='ltr'>non</span> <span class='ocrx_word' id='word_1_65' title='bbox 729 1528 848 1614; x_wconf 81' lang='lat' dir='ltr'>accipis</span> <span class='ocrx_word' id='word_1_66' title='bbox 870 1529 951 1617; x_wconf 89' lang='lat' dir='ltr'>ipsa.</span> 
     </span>
     <span class='ocr_line' id='line_1_12' title="bbox 174 1617 891 1704; baseline 0 -21"><span class='ocrx_word' id='word_1_67' title='bbox 174 1617 245 1683; x_wconf 91' lang='lat' dir='ltr'>Hoc</span> <span class='ocrx_word' id='word_1_68' title='bbox 268 1619 318 1682; x_wconf 91' lang='lat' dir='ltr'>est</span> <span class='ocrx_word' id='word_1_69' title='bbox 340 1639 474 1682; x_wconf 88' lang='lat' dir='ltr'>uxorem</span> <span class='ocrx_word' id='word_1_70' title='bbox 497 1617 624 1704; x_wconf 89' lang='lat' dir='ltr'>ducere,</span> <span class='ocrx_word' id='word_1_71' title='bbox 647 1617 754 1703; x_wconf 87' lang='lat' dir='ltr'>Polla,</span> <span class='ocrx_word' id='word_1_72' title='bbox 776 1619 891 1683; x_wconf 84' lang='lat' dir='ltr'>virum.</span> 
     </span>
    </p>
   </div>
   <div class='ocr_carea' id='block_1_6' title="bbox 536 1758 636 1824">
    <p class='ocr_par' dir='ltr' id='par_1_8' title="bbox 536 1758 636 1824">
     <span class='ocr_line' id='line_1_13' title="bbox 536 1758 636 1824; baseline 0.01 -1"><span class='ocrx_word' id='word_1_73' title='bbox 536 1758 636 1824; x_wconf 90' lang='lat' dir='ltr'>LXX.</span> 
     </span>
    </p>
   </div>
   <div class='ocr_carea' id='block_1_7' title="bbox 86 1855 1053 2914">
    <p class='ocr_par' dir='ltr' id='par_1_9' title="bbox 86 1855 1053 2914">
     <span class='ocr_line' id='line_1_14' title="bbox 130 1855 943 1941; baseline 0.001 -20"><span class='ocrx_word' id='word_1_74' title='bbox 130 1855 222 1932; x_wconf 82' lang='lat' dir='ltr'>Quod</span> <span class='ocrx_word' id='word_1_75' title='bbox 244 1856 324 1920; x_wconf 91' lang='lat' dir='ltr'>mihi</span> <span class='ocrx_word' id='word_1_76' title='bbox 346 1856 401 1921; x_wconf 85' lang='lat' dir='ltr'>vix</span> <span class='ocrx_word' id='word_1_77' title='bbox 423 1878 506 1920; x_wconf 90' lang='lat' dir='ltr'>nnus</span> <span class='ocrx_word' id='word_1_78' title='bbox 528 1859 600 1922; x_wconf 88' lang='lat' dir='ltr'>toto</span> <span class='ocrx_word' id='word_1_79' title='bbox 623 1857 707 1921; x_wconf 93' lang='lat' dir='ltr'>liber</span> <span class='ocrx_word' id='word_1_80' title='bbox 730 1858 823 1922; x_wconf 87' lang='lat' dir='ltr'>exeat</span> <span class='ocrx_word' id='word_1_81' title='bbox 846 1878 943 1941; x_wconf 90' lang='lat' dir='ltr'>anno,</span> 
     </span>
     <span class='ocr_line' id='line_1_15' title="bbox 173 1943 887 2030; baseline 0.003 -22"><span class='ocrx_word' id='word_1_82' title='bbox 173 1943 326 2009; x_wconf 80' lang='lat' dir='ltr'>Desidiae</span> <span class='ocrx_word' id='word_1_83' title='bbox 348 1945 412 2009; x_wconf 91' lang='lat' dir='ltr'>tibi</span> <span class='ocrx_word' id='word_1_84' title='bbox 435 1967 520 2028; x_wconf 90' lang='lat' dir='ltr'>sum,</span> <span class='ocrx_word' id='word_1_85' title='bbox 543 1945 636 2010; x_wconf 90' lang='lat' dir='ltr'>docte</span> <span class='ocrx_word' id='word_1_86' title='bbox 659 1944 780 2030; x_wconf 88' lang='lat' dir='ltr'>Potite,</span> <span class='ocrx_word' id='word_1_87' title='bbox 803 1967 887 2010; x_wconf 91' lang='lat' dir='ltr'>reus.</span> 
     </span>
     <span class='ocr_line' id='line_1_16' title="bbox 129 2033 950 2118; baseline 0.002 -22"><span class='ocrx_word' id='word_1_88' title='bbox 129 2033 251 2098; x_wconf 86' lang='lat' dir='ltr'>Iustius</span> <span class='ocrx_word' id='word_1_89' title='bbox 275 2034 310 2096; x_wconf 93' lang='lat' dir='ltr'>at</span> <span class='ocrx_word' id='word_1_90' title='bbox 333 2036 455 2116; x_wconf 84' lang='lat' dir='ltr'>quanto</span> <span class='ocrx_word' id='word_1_91' title='bbox 478 2033 606 2115; x_wconf 85' lang='lat' dir='ltr'>mirere,</span> <span class='ocrx_word' id='word_1_92' title='bbox 629 2033 715 2117; x_wconf 89' lang='lat' dir='ltr'>quod</span> <span class='ocrx_word' id='word_1_93' title='bbox 738 2037 831 2098; x_wconf 90' lang='lat' dir='ltr'>exeat</span> <span class='ocrx_word' id='word_1_94' title='bbox 854 2055 950 2118; x_wconf 89' lang='lat' dir='ltr'>unus,</span> 
     </span>
     <span class='ocr_line' id='line_1_17' title="bbox 173 2121 846 2204; baseline 0 -18"><span class='ocrx_word' id='word_1_95' title='bbox 173 2121 341 2186; x_wconf 89' lang='lat' dir='ltr'>Labantur</span> <span class='ocrx_word' id='word_1_96' title='bbox 363 2122 427 2186; x_wconf 92' lang='lat' dir='ltr'>toti</span> <span class='ocrx_word' id='word_1_97' title='bbox 450 2143 523 2186; x_wconf 92' lang='lat' dir='ltr'>cum</span> <span class='ocrx_word' id='word_1_98' title='bbox 545 2121 627 2185; x_wconf 92' lang='lat' dir='ltr'>mihi</span> <span class='ocrx_word' id='word_1_99' title='bbox 649 2143 746 2204; x_wconf 83' lang='lat' dir='ltr'>saepe</span> <span class='ocrx_word' id='word_1_100' title='bbox 769 2122 846 2186; x_wconf 90' lang='lat' dir='ltr'>dies.</span> 
     </span>
     <span class='ocr_line' id='line_1_18' title="bbox 104 2208 934 2294; baseline 0 -20"><span class='ocrx_word' id='word_1_101' title='bbox 104 2208 224 2275; x_wconf 82' lang='lat' dir='ltr'>5Nunc</span> <span class='ocrx_word' id='word_1_102' title='bbox 246 2209 462 2274; x_wconf 74' lang='lat' dir='ltr'>resalutantes</span> <span class='ocrx_word' id='word_1_103' title='bbox 484 2209 578 2273; x_wconf 86' lang='lat' dir='ltr'>video</span> <span class='ocrx_word' id='word_1_104' title='bbox 600 2212 776 2273; x_wconf 88' lang='lat' dir='ltr'>nocturnus</span> <span class='ocrx_word' id='word_1_105' title='bbox 800 2209 934 2294; x_wconf 89' lang='lat' dir='ltr'>amieos,</span> 
     </span>
     <span class='ocr_line' id='line_1_19' title="bbox 175 2297 917 2382; baseline -0.001 -20"><span class='ocrx_word' id='word_1_106' title='bbox 175 2298 328 2363; x_wconf 85' lang='lat' dir='ltr'>Gratulor</span> <span class='ocrx_word' id='word_1_107' title='bbox 351 2301 384 2361; x_wconf 91' lang='lat' dir='ltr'>et</span> <span class='ocrx_word' id='word_1_108' title='bbox 407 2298 531 2382; x_wconf 83' lang='lat' dir='ltr'>multis3</span> <span class='ocrx_word' id='word_1_109' title='bbox 553 2319 662 2381; x_wconf 91' lang='lat' dir='ltr'>nemo,</span> <span class='ocrx_word' id='word_1_110' title='bbox 684 2297 804 2381; x_wconf 88' lang='lat' dir='ltr'>Potite,</span> <span class='ocrx_word' id='word_1_111' title='bbox 827 2297 917 2362; x_wconf 89' lang='lat' dir='ltr'>mihi.</span> 
     </span>
     <span class='ocr_line' id='line_1_20' title="bbox 129 2385 1030 2470; baseline -0.001 -19"><span class='ocrx_word' id='word_1_112' title='bbox 129 2385 224 2452; x_wconf 89' lang='lat' dir='ltr'>Nunc</span> <span class='ocrx_word' id='word_1_113' title='bbox 247 2387 287 2450; x_wconf 83' lang='lat' dir='ltr'>ad</span> <span class='ocrx_word' id='word_1_114' title='bbox 310 2385 478 2450; x_wconf 84' lang='lat' dir='ltr'>luciferam</span> <span class='ocrx_word' id='word_1_115' title='bbox 501 2386 610 2470; x_wconf 83' lang='lat' dir='ltr'>signat</span> <span class='ocrx_word' id='word_1_116' title='bbox 632 2407 704 2450; x_wconf 94' lang='lat' dir='ltr'>mea</span> <span class='ocrx_word' id='word_1_117' title='bbox 727 2406 856 2470; x_wconf 82' lang='lat' dir='ltr'>gemma</span> <span class='ocrx_word' id='word_1_118' title='bbox 877 2385 1030 2469; x_wconf 87' lang='lat' dir='ltr'>Dianam,</span> 
     </span>
     <span class='ocr_line' id='line_1_21' title="bbox 173 2472 1015 2558; baseline -0.001 -18"><span class='ocrx_word' id='word_1_119' title='bbox 173 2474 267 2541; x_wconf 90' lang='lat' dir='ltr'>Nunc</span> <span class='ocrx_word' id='word_1_120' title='bbox 289 2496 341 2538; x_wconf 91' lang='lat' dir='ltr'>me</span> <span class='ocrx_word' id='word_1_121' title='bbox 363 2474 469 2558; x_wconf 87' lang='lat' dir='ltr'>prima</span> <span class='ocrx_word' id='word_1_122' title='bbox 492 2473 568 2558; x_wconf 88' lang='lat' dir='ltr'>sibi,</span> <span class='ocrx_word' id='word_1_123' title='bbox 590 2495 676 2538; x_wconf 91' lang='lat' dir='ltr'>nunc</span> <span class='ocrx_word' id='word_1_124' title='bbox 699 2474 762 2538; x_wconf 89' lang='lat' dir='ltr'>sibi</span> <span class='ocrx_word' id='word_1_125' title='bbox 785 2472 898 2558; x_wconf 89' lang='lat' dir='ltr'>q&#39;uinta</span> <span class='ocrx_word' id='word_1_126' title='bbox 919 2475 1015 2558; x_wconf 87' lang='lat' dir='ltr'>rapit.</span> 
     </span>
     <span class='ocr_line' id='line_1_22' title="bbox 129 2561 1053 2648; baseline 0 -20"><span class='ocrx_word' id='word_1_127' title='bbox 129 2563 224 2629; x_wconf 92' lang='lat' dir='ltr'>Nunc</span> <span class='ocrx_word' id='word_1_128' title='bbox 247 2563 359 2628; x_wconf 90' lang='lat' dir='ltr'>consul</span> <span class='ocrx_word' id='word_1_129' title='bbox 381 2565 552 2645; x_wconf 87' lang='lat' dir='ltr'>praetorve</span> <span class='ocrx_word' id='word_1_130' title='bbox 573 2565 663 2626; x_wconf 89' lang='lat' dir='ltr'>tenet</span> <span class='ocrx_word' id='word_1_131' title='bbox 685 2561 881 2646; x_wconf 88' lang='lat' dir='ltr'>reducesque</span> <span class='ocrx_word' id='word_1_132' title='bbox 904 2583 1053 2648; x_wconf 86' lang='lat' dir='ltr'>coronae,</span> 
     </span>
     <span class='ocr_line' id='line_1_23' title="bbox 86 2650 729 2736; baseline -0.003 -20"><span class='ocrx_word' id='word_1_133' title='bbox 86 2669 119 2716; x_wconf 88' lang='lat'>10</span> <span class='ocrx_word' id='word_1_134' title='bbox 173 2651 315 2716; x_wconf 86' lang='lat' dir='ltr'>Auditur</span> <span class='ocrx_word' id='word_1_135' title='bbox 336 2654 408 2715; x_wconf 92' lang='lat' dir='ltr'>tota</span> <span class='ocrx_word' id='word_1_136' title='bbox 431 2672 526 2736; x_wconf 84' lang='lat' dir='ltr'>saepe</span> <span class='ocrx_word' id='word_1_137' title='bbox 549 2654 647 2735; x_wconf 89' lang='lat' dir='ltr'>poeta</span> <span class='ocrx_word' id='word_1_138' title='bbox 670 2650 729 2714; x_wconf 90' lang='lat' dir='ltr'>die.</span> 
     </span>
     <span class='ocr_line' id='line_1_24' title="bbox 130 2739 895 2824; baseline -0.004 -19"><span class='ocrx_word' id='word_1_139' title='bbox 130 2739 194 2806; x_wconf 82' lang='lat' dir='ltr'>Sed</span> <span class='ocrx_word' id='word_1_140' title='bbox 215 2761 275 2804; x_wconf 92' lang='lat' dir='ltr'>nec</span> <span class='ocrx_word' id='word_1_141' title='bbox 298 2739 459 2804; x_wconf 86' lang='lat' dir='ltr'>causidico</span> <span class='ocrx_word' id='word_1_142' title='bbox 483 2741 586 2823; x_wconf 89' lang='lat' dir='ltr'>possis</span> <span class='ocrx_word' id='word_1_143' title='bbox 609 2740 740 2823; x_wconf 92' lang='lat' dir='ltr'>impune</span> <span class='ocrx_word' id='word_1_144' title='bbox 763 2760 895 2824; x_wconf 85' lang='lat' dir='ltr'>negare,</span> 
     </span>
     <span class='ocr_line' id='line_1_25' title="bbox 173 2827 923 2914; baseline 0 -21"><span class='ocrx_word' id='word_1_145' title='bbox 173 2827 241 2893; x_wconf 88' lang='lat' dir='ltr'>Nec</span> <span class='ocrx_word' id='word_1_146' title='bbox 265 2827 348 2891; x_wconf 87' lang='lat' dir='ltr'>site</span> <span class='ocrx_word' id='word_1_147' title='bbox 371 2827 482 2892; x_wconf 88' lang='lat' dir='ltr'>rhetor</span> <span class='ocrx_word' id='word_1_148' title='bbox 504 2829 776 2913; x_wconf 83' lang='lat' dir='ltr'>grammaticusve</span> <span class='ocrx_word' id='word_1_149' title='bbox 798 2832 923 2914; x_wconf 83' lang='lat' dir='ltr'>rogent.</span> 
     </span>
    </p>
   </div>
   <div class='ocr_carea' id='block_1_8' title="bbox 128 2915 1027 3090">
    <p class='ocr_par' dir='ltr' id='par_1_10' title="bbox 128 2915 1027 3090">
     <span class='ocr_line' id='line_1_26' title="bbox 128 2915 1027 3002; baseline 0.002 -21"><span class='ocrx_word' id='word_1_150' title='bbox 128 2915 251 2981; x_wconf 89' lang='lat' dir='ltr'>Balnea</span> <span class='ocrx_word' id='word_1_151' title='bbox 273 2919 349 2999; x_wconf 91' lang='lat' dir='ltr'>post</span> <span class='ocrx_word' id='word_1_152' title='bbox 372 2916 528 2981; x_wconf 85' lang='lat' dir='ltr'>decimam</span> <span class='ocrx_word' id='word_1_153' title='bbox 550 2916 637 2981; x_wconf 90' lang='lat' dir='ltr'>lasso</span> <span class='ocrx_word' id='word_1_154' title='bbox 660 2918 851 3000; x_wconf 86' lang='lat' dir='ltr'>centumque</span> <span class='ocrx_word' id='word_1_155' title='bbox 874 2921 1027 3002; x_wconf 88' lang='lat' dir='ltr'>petuntur</span> 
     </span>
     <span class='ocr_line' id='line_1_27' title="bbox 174 3003 930 3090; baseline 0.001 -21"><span class='ocrx_word' id='word_1_156' title='bbox 174 3004 386 3081; x_wconf 85' lang='lat' dir='ltr'>Quadrantes.</span> <span class='ocrx_word' id='word_1_157' title='bbox 420 3003 493 3069; x_wconf 84' lang='lat' dir='ltr'>Fiet</span> <span class='ocrx_word' id='word_1_158' title='bbox 516 3005 657 3090; x_wconf 87' lang='lat' dir='ltr'>quando,</span> <span class='ocrx_word' id='word_1_159' title='bbox 681 3005 802 3089; x_wconf 89' lang='lat' dir='ltr'>Potite,</span> <span class='ocrx_word' id='word_1_160' title='bbox 825 3005 930 3070; x_wconf 84' lang='lat' dir='ltr'>liber?</span> 
     </span>
    </p>
   </div>
   <div class='ocr_carea' id='block_1_9' title="bbox 529 3145 645 3210">
    <p class='ocr_par' dir='ltr' id='par_1_11' title="bbox 529 3145 645 3210">
     <span class='ocr_line' id='line_1_28' title="bbox 529 3145 645 3210; baseline 0 0"><span class='ocrx_word' id='word_1_161' title='bbox 529 3145 645 3210; x_wconf 87' lang='lat' dir='ltr'>LXXL</span> 
     </span>
    </p>
   </div>
   <div class='ocr_carea' id='block_1_10' title="bbox 100 3242 1098 3948">
    <p class='ocr_par' dir='ltr' id='par_1_12' title="bbox 100 3242 1098 3948">
     <span class='ocr_line' id='line_1_29' title="bbox 130 3242 958 3328; baseline 0.004 -22"><span class='ocrx_word' id='word_1_162' title='bbox 130 3242 281 3327; x_wconf 81' lang='lat' dir='ltr'>Quisquis</span> <span class='ocrx_word' id='word_1_163' title='bbox 304 3243 392 3308; x_wconf 85' lang='lat' dir='ltr'>laeta</span> <span class='ocrx_word' id='word_1_164' title='bbox 412 3243 478 3307; x_wconf 89' lang='lat' dir='ltr'>tuis</span> <span class='ocrx_word' id='word_1_165' title='bbox 502 3246 535 3308; x_wconf 92' lang='lat' dir='ltr'>et</span> <span class='ocrx_word' id='word_1_166' title='bbox 558 3264 630 3307; x_wconf 90' lang='lat' dir='ltr'>sera</span> <span class='ocrx_word' id='word_1_167' title='bbox 652 3243 840 3327; x_wconf 88' lang='lat' dir='ltr'>parentibus</span> <span class='ocrx_word' id='word_1_168' title='bbox 864 3247 958 3328; x_wconf 86' lang='lat' dir='ltr'>optas</span> 
     </span>
     <span class='ocr_line' id='line_1_30' title="bbox 172 3330 995 3413; baseline 0.004 -19"><span class='ocrx_word' id='word_1_169' title='bbox 172 3330 269 3413; x_wconf 82' lang='lat' dir='ltr'>Fata,</span> <span class='ocrx_word' id='word_1_170' title='bbox 291 3331 424 3396; x_wconf 89' lang='lat' dir='ltr'>brevem</span> <span class='ocrx_word' id='word_1_171' title='bbox 446 3331 578 3396; x_wconf 85' lang='lat' dir='ltr'>titulum</span> <span class='ocrx_word' id='word_1_172' title='bbox 602 3331 773 3396; x_wconf 88' lang='lat' dir='ltr'>marmoris</span> <span class='ocrx_word' id='word_1_173' title='bbox 795 3331 890 3394; x_wconf 89' lang='lat' dir='ltr'>huius</span> <span class='ocrx_word' id='word_1_174' title='bbox 914 3354 995 3397; x_wconf 86' lang='lat' dir='ltr'>ema.</span> 
     </span>
     <span class='ocr_line' id='line_1_31' title="bbox 129 3418 961 3505; baseline 0 -21"><span class='ocrx_word' id='word_1_175' title='bbox 129 3418 281 3484; x_wconf 78' lang='lat' dir='ltr'>Condidit</span> <span class='ocrx_word' id='word_1_176' title='bbox 303 3419 366 3484; x_wconf 84' lang='lat' dir='ltr'>hac</span> <span class='ocrx_word' id='word_1_177' title='bbox 388 3440 480 3484; x_wconf 90' lang='lat' dir='ltr'>caras</span> <span class='ocrx_word' id='word_1_178' title='bbox 503 3421 617 3485; x_wconf 88' lang='lat' dir='ltr'>tellure</span> <span class='ocrx_word' id='word_1_179' title='bbox 640 3419 792 3484; x_wconf 89' lang='lat' dir='ltr'>Rabirius</span> <span class='ocrx_word' id='word_1_180' title='bbox 816 3419 961 3505; x_wconf 83' lang='lat' dir='ltr'>umbras3</span> 
     </span>
     <span class='ocr_line' id='line_1_32' title="bbox 172 3506 841 3573; baseline -0.003 -1"><span class='ocrx_word' id='word_1_181' title='bbox 172 3506 264 3572; x_wconf 92' lang='lat' dir='ltr'>Nulli</span> <span class='ocrx_word' id='word_1_182' title='bbox 287 3512 376 3572; x_wconf 86' lang='lat' dir='ltr'>sorte</span> <span class='ocrx_word' id='word_1_183' title='bbox 399 3508 505 3572; x_wconf 86' lang='lat' dir='ltr'>iacent</span> <span class='ocrx_word' id='word_1_184' title='bbox 528 3507 711 3573; x_wconf 89' lang='lat' dir='ltr'>candidiore</span> <span class='ocrx_word' id='word_1_185' title='bbox 735 3529 841 3572; x_wconf 88' lang='lat' dir='ltr'>senes:</span> 
     </span>
     <span class='ocr_line' id='line_1_33' title="bbox 100 3595 1004 3679; baseline -0.002 -17"><span class='ocrx_word' id='word_1_186' title='bbox 100 3595 185 3662; x_wconf 81' lang='lat' dir='ltr'>5Bis</span> <span class='ocrx_word' id='word_1_187' title='bbox 210 3618 265 3660; x_wconf 90' lang='lat' dir='ltr'>sex</span> <span class='ocrx_word' id='word_1_188' title='bbox 288 3596 393 3661; x_wconf 89' lang='lat' dir='ltr'>lustra</span> <span class='ocrx_word' id='word_1_189' title='bbox 415 3596 480 3660; x_wconf 89' lang='lat' dir='ltr'>tori</span> <span class='ocrx_word' id='word_1_190' title='bbox 501 3617 567 3661; x_wconf 84' lang='lat' dir='ltr'>nox</span> <span class='ocrx_word' id='word_1_191' title='bbox 589 3597 679 3662; x_wconf 88' lang='lat' dir='ltr'>mitis</span> <span class='ocrx_word' id='word_1_192' title='bbox 704 3600 736 3661; x_wconf 88' lang='lat' dir='ltr'>et</span> <span class='ocrx_word' id='word_1_193' title='bbox 758 3595 874 3660; x_wconf 85' lang='lat' dir='ltr'>ultima</span> <span class='ocrx_word' id='word_1_194' title='bbox 896 3595 1004 3679; x_wconf 91' lang='lat' dir='ltr'>clusit,</span> 
     </span>
     <span class='ocr_line' id='line_1_34' title="bbox 171 3684 764 3769; baseline -0.002 -19"><span class='ocrx_word' id='word_1_195' title='bbox 171 3687 332 3750; x_wconf 88' lang='lat' dir='ltr'>Arserunt</span> <span class='ocrx_word' id='word_1_196' title='bbox 353 3706 418 3748; x_wconf 92' lang='lat' dir='ltr'>uno</span> <span class='ocrx_word' id='word_1_197' title='bbox 440 3684 554 3749; x_wconf 88' lang='lat' dir='ltr'>funera</span> <span class='ocrx_word' id='word_1_198' title='bbox 576 3684 653 3750; x_wconf 89' lang='lat' dir='ltr'>bina</span> <span class='ocrx_word' id='word_1_199' title='bbox 675 3705 764 3769; x_wconf 85' lang='lat' dir='ltr'>rogo.</span> 
     </span>
     <span class='ocr_line' id='line_1_35' title="bbox 125 3768 1098 3860; baseline -0.009 -23"><span class='ocrx_word' id='word_1_200' title='bbox 125 3771 198 3837; x_wconf 88' lang='lat' dir='ltr'>Hos</span> <span class='ocrx_word' id='word_1_201' title='bbox 221 3776 332 3837; x_wconf 88' lang='lat' dir='ltr'>tamen</span> <span class='ocrx_word' id='word_1_202' title='bbox 355 3776 392 3836; x_wconf 91' lang='lat' dir='ltr'>ut</span> <span class='ocrx_word' id='word_1_203' title='bbox 412 3773 529 3857; x_wconf 90' lang='lat' dir='ltr'>primis</span> <span class='ocrx_word' id='word_1_204' title='bbox 552 3776 667 3860; x_wconf 88' lang='lat' dir='ltr'>raptos</span> <span class='ocrx_word' id='word_1_205' title='bbox 685 3773 755 3839; x_wconf 81' lang='lat' dir='ltr'>silai</span> <span class='ocrx_word' id='word_1_206' title='bbox 770 3773 906 3860; x_wconf 67' lang='lat' dir='ltr'>quaerit</span> <span class='ocrx_word' id='word_1_207' title='bbox 920 3773 968 3834; x_wconf 66' lang='lat' dir='ltr'>&#39;in</span> <span class='ocrx_word' id='word_1_208' title='bbox 980 3768 1098 3831; x_wconf 57' lang='lat' dir='ltr'>anxius.</span> 
     </span>
     <span class='ocr_line' id='line_1_36' title="bbox 162 3860 962 3948; baseline 0.004 -25"><span class='ocrx_word' id='word_1_209' title='bbox 162 3860 349 3945; x_wconf 77' lang='lat' dir='ltr'>Inprobius</span> <span class='ocrx_word' id='word_1_210' title='bbox 372 3862 460 3929; x_wconf 88' lang='lat' dir='ltr'>nihil</span> <span class='ocrx_word' id='word_1_211' title='bbox 483 3863 538 3930; x_wconf 90' lang='lat' dir='ltr'>his</span> <span class='ocrx_word' id='word_1_212' title='bbox 561 3864 704 3932; x_wconf 81' lang='lat' dir='ltr'>fletibus</span> <span class='ocrx_word' id='word_1_213' title='bbox 728 3885 806 3931; x_wconf 88' lang='lat' dir='ltr'>esse</span> <span class='ocrx_word' id='word_1_214' title='bbox 827 3862 962 3948; x_wconf 61' lang='lat' dir='ltr'>potest</span> 
     </span>
    </p>
   </div>
   <div class='ocr_carea' id='block_1_11' title="bbox 0 0 1208 4132">
    <p class='ocr_par' dir='ltr' id='par_1_13' title="bbox 0 0 1208 4132">
     <span class='ocr_line' id='line_1_37' title="bbox 0 0 1208 4132; baseline 0 0"><span class='ocrx_word' id='word_1_215' title='bbox 0 0 1208 4132; x_wconf 95' lang='lat' dir='ltr'> </span> 
     </span>
    </p>
   </div>
  </div>
 </body>
</html>
