2408 4132
10 29 1078 252 ‘zm-'‘v-
1107 29 1147 34 “’

349 493 645 552 EPIGRAMMATON
661 496 728 554 LIB.
748 497 782 554 X.
1005 495 1069 562 247

107 660 159 725 Ex
182 681 253 725 arce
276 659 353 723 clivi
375 661 500 742 spectat
523 680 586 723 uva
609 657 720 724 Setini.

109 748 193 825 Quid
216 747 441 833 concupiscam
464 747 591 831 quaeris
615 748 716 834 ergo?
740 747 889 813 dormire.

504 877 634 944 LXXV.

112 967 201 1033 Milia
223 967 342 1053 viginti
364 967 526 1052 quondam
548 989 600 1031 mc
622 966 719 1032 Galla
741 967 891 1053 poposcit

153 1058 212 1142 Et,
234 1057 352 1142 fateor,
375 1076 495 1142 magno
518 1077 585 1120 non
607 1061 678 1120 erat
700 1056 759 1121 illa
780 1056 887 1121 nimis.

112 1143 224 1209 Annus
247 1145 328 1209 abit:
350 1142 425 1228 „Bis
449 1145 547 1228 quina
570 1143 662 1209 dabis
686 1144 854 1210 sestertia“
877 1144 968 1210 dixit.

156 1232 290 1298 Poscere
313 1233 387 1316 plus
409 1232 480 1298 uisa
502 1236 553 1297 est
574 1254 670 1316 quam
693 1234 783 1318 prius
805 1233 863 1297 illa
885 1232 975 1301 mihi
1019 1274 1021 1279 >

85 1321 180 1385 olam
204 1322 264 1387 duo
287 1322 434 1406 poscenti
457 1324 533 1404 post
555 1324 681 1385 sextum
703 1320 794 1386 milia
816 1343 960 1386 mensem

156 1409 246 1474 Mille
270 1409 387 1475 dabam
409 1430 567 1473 nummos.
603 1406 718 1474 Noluit
741 1411 894 1494 accipere.

111 1497 321 1562 Transierant
343 1498 438 1563 binae
460 1496 573 1561 forsan
594 1497 739 1563 trinaeve
762 1497 939 1583 Kalendae,

155 1586 314 1650 Aureolos
337 1586 424 1650 ultro
448 1589 603 1669 quattuor
625 1585 697 1670 ipsa
718 1589 811 1670 petit.
909 1631 914 1646 .

111 1673 188 1738 Non
211 1674 362 1740 dedimus.
399 1672 537 1739 Centum
559 1672 657 1739 iussit
683 1696 734 1738 me
757 1675 886 1739 mittere
908 1694 1071 1739 nummos:

69 1778 101 1827 ιο
158 1760 221 1826 Sed
244 1761 313 1827 visa
335 1766 385 1827 est
406 1762 501 1827 nobis
524 1761 604 1828 haec
627 1784 753 1847 quoque
776 1785 903 1828 summa
926 1762 1043 1846 gravis.

112 1850 264 1935 Sportula
285 1872 345 1915 nos
368 1850 472 1916 iunxit
495 1850 727 1934 quadrantibus
750 1851 840 1916 arida
863 1855 1005 1936 centum;

154 1937 248 2004 Hanc
270 1939 388 2004 voluit:
411 1960 511 2023 puero
534 1939 672 2004 diximus
696 1962 766 2004 csse
789 1940 908 2005 datam.

109 2025 249 2092 Inferius
271 2027 427 2111 numquid
449 2027 558 2110 potuit
580 2027 792 2094 descendere?
813 2027 900 2092 fecit.

154 2115 221 2181 Dat
244 2116 360 2201 gratis,
382 2116 468 2181 ultro
492 2114 548 2179 dat
572 2115 653 2180 mihi
676 2115 783 2181 Galla:
806 2136 898 2201 nego.

497 2245 642 2311 LXXVI.

110 2334 194 2420 Hoc,
216 2332 375 2413 Fortuna,
397 2333 461 2399 tibi
482 2334 610 2399 videtur
632 2334 793 2418 aequum?

111 2423 198 2489 Siris
220 2445 287 2489 non
310 2421 462 2507 Syriaeve
485 2422 692 2505 Parthiaevc,

110 2511 179 2576 Nec
202 2512 241 2576 de
264 2509 464 2595 Cappadocis
488 2532 585 2594 eques
609 2509 754 2592 catastis,

111 2598 173 2665 Sed
196 2599 235 2664 de
257 2599 352 2683 plebe
375 2599 469 2664 Remi
491 2596 681 2684 Numaeque
703 2621 816 2685 verna,

84 2687 287 2768 olucundus,
309 2689 444 2773 probus,
466 2688 620 2752 innocens
645 2687 779 2766 amicus,

110 2775 238 2863 Lingua
261 2776 374 2841 doctus
397 2780 548 2860 utraque,
572 2774 660 2841 ouius
684 2798 783 2840 unum
806 2779 869 2860 est,

111 2864 175 2930 Sed
197 2885 352 2949 magnum
373 2865 504 2948 vitium,
528 2864 613 2948 quod
637 2868 686 2929 est
708 2868 820 2950 poeta,

109 2953 206 3020 Pullo
229 2953 374 3018 Maevius
398 2954 488 3039 alget
509 2953 544 3017 in
567 2953 706 3037 cucullo,

110 3039 214 3108 Cocco
237 3041 338 3107 mulio
361 3041 465 3126 fulget
487 3041 658 3108 Incitatus.

488 3173 650 3239 LXXVII.

110 3259 255 3344 Nequius
274 3284 294 3326 a
312 3259 498 3327 Caronihil
520 3284 676 3348 unquam,
695 3262 849 3345 Maxime,
868 3262 990 3327 factum
1010 3267 1074 3341 est,

155 3350 259 3425 Quam
282 3351 366 3433 quod
388 3350 478 3416 febre
501 3353 600 3434 perit:
623 3350 700 3415 fecit
724 3354 756 3414 et
778 3352 837 3414 illa
860 3351 960 3415 nefas.

110 3434 213 3502 Saeva
234 3459 353 3503 nocens
375 3438 476 3503 febris
500 3440 617 3504 saltem
637 3442 797 3522 quartana
819 3437 950 3503 fuisset!

155 3524 284 3591 Servari
306 3527 429 3592 medico
453 3527 565 3592 debuit
587 3527 643 3591 ille
667 3548 735 3592 suo.

480 3656 660 3725 LXXVIII.

108 3746 177 3812 Ibis
200 3747 345 3831 litoreas,
367 3747 489 3830 Macer,
513 3747 663 3830 Salonas,

107 3834 177 3900 Ibit
197 3858 272 3900 rara
293 3837 373 3902 fides
397 3858 556 3924 amorque
578 3837 665 3904 recti
