2408 4132
397 899 444 972 M.
473 898 579 971 VAL.
608 897 868 971 MARTIALIS

332 1089 930 1191 EPIGRAMMATON

534 1299 665 1367 LIBER
687 1300 727 1366 X.

619 1476 646 1543 Ι.

128 1632 130 1636 .
176 1581 208 1644 Si
232 1583 349 1648 nimius
372 1582 483 1649 videor
506 1604 639 1666 seraque
663 1583 812 1647 coronide
834 1583 952 1668 longus

220 1672 302 1736 Esse
324 1672 419 1754 liber,
442 1671 543 1756 legito
566 1692 682 1755 pauca:
705 1671 835 1735 libellus
859 1692 922 1735 ero.

176 1759 300 1844 Terque
324 1763 500 1843 quaterque
523 1758 604 1822 mihi
625 1759 738 1823 finitur
759 1759 900 1824 carmine
922 1781 1024 1843 parvo

220 1847 356 1933 Pagina:
380 1847 432 1912 fac
454 1846 517 1910 tibi
538 1867 589 1910 me
612 1869 708 1931 quam
731 1849 822 1932 cupis
846 1869 915 1912 esse
937 1842 1079 1917 breven'a

612 2004 654 2070 Il.

176 2111 342 2176 Festinata
364 2111 466 2196 prior,
490 2111 605 2176 decimi
627 2111 708 2176 mihi
731 2134 807 2176 cura
829 2112 957 2177 libelli.

221 2200 378 2283 Elapsum
402 2200 550 2265 manibus
573 2222 657 2265 nuno
680 2201 843 2266 revocavit
866 2223 957 2284 opus.

176 2289 264 2354 Nota
287 2289 376 2373 leges
400 2288 569 2373 quaedam,
593 2288 649 2352 sed
671 2289 749 2352 lima
772 2310 846 2353 rasa
868 2288 1001 2371 recenti3

220 2376 301 2442 Pars
323 2398 408 2442 nova
430 2377 534 2442 maior
558 2378 632 2441 erit:
655 2377 769 2460 lector,
792 2377 920 2460 utrique
943 2376 1030 2458 fave,

152 2465 306 2548 cLector,
320 2487 397 2549 opes
416 2469 559 2531 nostrae:
575 2487 668 2548 quem
683 2487 755 2530 cum
770 2465 851 2529 mihi
865 2465 968 2531 Roma
982 2465 1139 2554 dedisset,

220 2553 295 2637 „Nil
318 2554 379 2618 tibi
402 2554 487 2637 quod
510 2554 621 2618 demus
645 2553 747 2618 maius
771 2553 946 2620 habemus“
969 2554 1025 2619 ait.

176 2642 295 2726 „Pigra
316 2664 374 2725 per
396 2641 481 2707 hunc
503 2642 609 2726 fugies
632 2642 778 2727 ingratae
800 2642 933 2708 flumina
955 2640 1078 2709 Lethes

221 2731 266 2793 Et
289 2730 422 2793 meliore
445 2731 494 2795 tui
517 2735 608 2814 parte
632 2735 795 2815 superstes
818 2729 889 2795 eris

177 2816 340 2882 Marmora
362 2816 521 2881 Messalae
543 2818 636 2882 findit
658 2819 840 2901 caprificus,
863 2823 895 2882 et
918 2818 1022 2883 audax

137 2923 168 2971 ro
223 2905 382 2969 Dimidios
405 2902 513 2987 Crispi
536 2906 636 2971 mulio
658 2906 743 2971 ridet
765 2929 876 2991 equos:

178 2994 223 3059 At
246 2992 367 3058 chartis
389 3014 448 3057 neo
468 2993 555 3057 furta
571 2999 688 3059 nocent
705 3001 737 3061 et
757 2996 885 3060 saecula
907 3000 1057 3080 prosunt,

224 3080 362 3166 Solaque
384 3102 450 3145 non
471 3085 592 3146 norunt
613 3082 693 3151 haec
717 3087 926 3150 monumenta
948 3085 1058 3149 mori.“
1094 3119 1098 3126 ·

606 3240 665 3307 ΠΙ.

179 3346 433 3413 Vernaculorum
458 3346 555 3430 dicta,
579 3347 743 3411 sordidum
766 3348 908 3433 dentem,

178 3436 223 3500 Et
244 3433 339 3499 foeda
361 3435 491 3521 linguae
514 3436 634 3519 probra
657 3436 877 3517 circulatricis,

180 3523 269 3600 Quae
293 3523 484 3607 sulphurato
507 3525 590 3588 nolit
613 3529 721 3607 empta
744 3528 890 3589 ramento

178 3612 383 3677 Vatiniorum
406 3617 581 3695 proxeneta
603 3612 794 3695 fractorum,

154 3701 281 3766 oPoeta
305 3700 435 3784 quidam
459 3701 670 3766 clancularius
694 3701 821 3786 spargit

167 3790 218 3855 Et
241 3790 313 3857 vult
337 3788 439 3856 videri
461 3793 584 3858 nostra.
619 3789 731 3857 Credis
754 3786 983 3892 hwa?
