2408 4132
322 461 620 518 EPIGRAMMATON
638 465 704 521 LlB.
722 465 795 522 XIV.
995 467 1057 532 341

401 623 542 690 CXCIV.
565 626 720 692 Dacuaus.

98 717 180 783 Sunt
202 721 345 805 quidam,
369 721 425 806 qui
447 745 498 785 me
521 723 630 786 dicant
652 745 719 787 non
742 745 811 789 esse
835 729 978 809 poetam:

142 807 204 872 Sed
228 809 283 892 qui
306 831 358 873 111
381 810 491 874 vendit
513 811 693 895 bibliopola
716 815 819 896 putat.

482 950 632 1017 Catullus.

97 1044 237 1110 Tantum
261 1068 381 1131 magna
404 1070 463 1113 suo
487 1048 582 1112 debet
604 1047 736 1113 Verona
759 1046 902 1132 Catulla,

141 1134 305 1210 Quantum
328 1157 429 1219 parva
454 1158 510 1201 suo
533 1135 669 1201 Mantua
691 1135 848 1222 Vergilio.

218 1275 358 1341 CXCVI.
382 1275 470 1342 Galat
492 1279 528 1342 de
549 1299 649 1360 aquae
668 1279 803 1361 falatdae
823 1300 892 1344 alsa.

98 1379 186 1445 Haec
209 1382 269 1444 tibi
294 1403 375 1465 quae
398 1381 505 1446 fontes
530 1385 562 1445 et
585 1405 741 1467 aquarum
764 1385 896 1449 nomina
919 1384 1008 1470 dicit,

140 1469 216 1552 Ipsa
240 1491 314 1533 suas
339 1470 453 1533 melius
478 1470 591 1534 charta
613 1473 749 1536 natabat
772 1495 881 1557 aquas,

330 1608 618 1677 1111111111
635 1614 783 1695 pumilae.

96 1712 157 1776 His
180 1713 243 1776 tibi
265 1714 304 1778 de
327 1714 423 1779 mulis
446 1737 512 1780 non
535 1718 585 1780 est
607 1717 780 1781 metuenda
801 1718 907 1783 ruina:

141 1802 248 1866 Altius
271 1802 306 1866 in
328 1807 415 1867 terra
438 1826 539 1887 paene
563 1805 673 1869 sedere
697 1807 791 1871 soles,

398 1941 517 2009 Catella
541 1945 717 2010 Gallicana.

96 2042 237 2106 Delicias
260 2042 379 2125 parvae
403 2040 432 2103 si
453 2043 503 2105 vis
528 2043 637 2107 audire
660 2043 809 2125 catellae,

140 2129 297 2194 Narranti
319 2129 426 2192 brevis
451 2133 501 2192 est
523 2131 644 2214 pagina
666 2134 737 2195 tota
759 2131 849 2195 mihi.

404 2267 543 2334 CXCIX.
565 2269 706 2336 Asturco.

95 2366 157 2431 Hic
171 2367 279 2431 brevis
294 2367 334 2430 ad
347 2387 497 2430 numeros
516 2365 666 2448 rapidum
682 2368 737 2451 qui
755 2367 884 2452 colligit
902 2390 1055 2454 unguem,

139 2454 239 2520 Venit
262 2456 302 2520 ab
327 2454 475 2519 auriferis
500 2454 649 2539 gentibus
673 2455 775 2520 Astur
797 2477 905 2540 equus.

413 2595 509 2661 (lauis
531 2601 696 2679 1111119111.

95 2701 171 2767 Non
194 2701 268 2786 sibi,
292 2701 348 2766 sed
372 2702 501 2766 domino
524 2706 661 2766 venatur
683 2706 853 2786 vertragus
878 2723 962 2786 acer,

137 2790 291 2856 Illaesum
313 2790 458 2876 leporem
481 2790 537 2874 qui
558 2791 621 2855 tibi
644 2791 739 2855 dente
762 2790 852 2856 feret.

404 2929 482 2996 001.
504 2932 702 2997 Palaestrita.

94 3037 169 3102 Non
193 3059 266 3102 amo
291 3038 375 3122 quod
398 3039 519 3118 vincat,
539 3038 594 3102 sed
613 3039 698 3123 quod
721 3039 926 3103 succumbere
947 3040 1038 3104 novit

137 3127 183 3190 Et
207 3126 320 3190 didicit
342 3127 457 3191 melius
480 3128 541 3210 τὴν
565 3126 830 3210 ἐπικλινοπάλην.

491 3267 618 3332 Simiae.

95 3372 238 3438 Callidus
262 3373 398 3437 emissas
423 3373 550 3438 eludere
574 3373 686 3437 simius
710 3373 834 3455 hastae,

139 3461 174 3526 si
197 3462 278 3525 mihi
300 3462 402 3526 cauda
424 3461 522 3546 foret,
545 3461 784 3545 cercopithecus
809 3482 904 3526 eram.

332 3599 443 3666 CCIII.
466 3602 580 3668 Puella
603 3602 771 3667 Gaditana.

93 3707 176 3773 Tam
188 3707 365 3775 tremulum
379 3708 504 3791 auisset,
519 3712 586 3772 tam
600 3708 757 3772 blandum
771 3707 885 3793 prurit,
899 3711 936 3772 ut
949 3707 1054 3792 ipsum

136 3795 413 3865 Masturbatorem
435 3795 549 3862 fecerit
570 3795 805 3884 Hippolytum.
