2408 4132
10 39 1195 239 ἡ*

335 457 629 513 EPIGRAMMATON
646 459 712 518 LIB.
730 458 804 518 VIII.
973 501 976 506 ·
1009 461 1072 527 179

114 619 165 684 Sic
188 621 337 684 habitare
360 621 451 685 iubes
474 602 616 686 ueterem
639 622 778 688 crudelis
802 623 962 689 amicum?

157 709 293 773 Arboris
318 729 395 793 ergo
418 712 492 773 tuae
515 711 618 775 tutior
639 711 758 794 hospes
782 733 845 776 ero.

535 867 604 932 XV.

112 972 199 1036 Dum
221 992 307 1036 nova
328 969 507 1038 Pannonici
529 977 719 1038 numeratur
740 975 848 1057 gloria
869 974 962 1058 belli,

157 1059 270 1124 Omnis
292 1063 327 1138 et
350 1060 390 1124 ad
419 1060 567 1126 reducem
598 1062 675 1125 dum
688 1062 771 1126 ditat
794 1084 849 1126 ara
871 1062 996 1146 Iovem,

112 1148 179 1212 Dat
201 1147 355 1233 populus,
379 1148 435 1213 dat
459 1153 572 1234 gratus
596 1171 705 1234 eques,
729 1149 786 1214 dat
806 1154 880 1215 tura
903 1155 1047 1236 senatun,

155 1236 201 1300 Et
224 1236 329 1301 ditent
350 1235 462 1301 Latias
486 1237 584 1302 tertia
607 1238 691 1303 dona
713 1238 832 1303 tribus:
899 1262 901 1266 ·

85 1323 181 1389 5Hos
205 1345 332 1408 quoque
351 1329 493 1390 secretos
512 1326 704 1391 memoravit
722 1325 827 1391 Roma
849 1325 1046 1412 triumphoS,

155 1413 225 1479 Nec
247 1413 354 1477 minor
375 1413 441 1478 ista
463 1417 539 1478 tuae
562 1414 672 1478 laurea
694 1415 784 1497 pacis
808 1418 890 1500 erat,

112 1501 204 1574 Quod
226 1500 289 1565 tibi
312 1501 350 1566 de
373 1505 486 1566 saneta
509 1501 609 1566 credis
632 1504 754 1586 pietate
777 1507 917 1568 tuorum.

154 1589 312 1674 Principis
335 1592 386 1654 est
409 1590 510 1655 virtus
533 1589 687 1676 maxima,
709 1612 805 1657 nosse
829 1614 915 1657 suos.

526 1746 614 1812 XVI.

109 1853 218 1919 Pistor
242 1854 297 1937 qui
319 1853 428 1918 fueras
453 1853 520 1940 diu,
543 1853 684 1940 prere‚

110 1942 231 2010 Causas
255 1964 340 2006 nuno
363 1942 434 2027 agis
457 1947 491 2007 et
513 1943 636 2008 ducena
660 1943 801 2028 quaeris:

111 2031 173 2097 Sed
196 2031 360 2096 consumis
384 2035 417 2094 et
439 2052 540 2114 usque
564 2032 731 2097 mutuaris.

108 2121 140 2184 A
162 2120 298 2205 pistore,
321 2117 459 2202 prere‚
481 2141 547 2183 non
570 2120 705 2184 recedis:

83 2209 154 2272 5Et
175 2229 292 2293 panem
315 2207 397 2271 facis
422 2210 454 2270 et
476 2206 556 2272 facis
579 2206 728 2272 farinam.

516 2362 620 2429 XVII.

108 2474 187 2556 Egi,
210 2470 318 2556 Sexte,
341 2474 445 2555 tuam,
468 2476 583 2555 pactus
608 2470 669 2534 duo
693 2471 797 2555 milia,
821 2492 967 2536 eausam:

152 2560 271 2625 Misisti
293 2580 444 2625 nummos
468 2559 554 2643 quod
576 2558 657 2622 mihi
680 2558 784 2642 mille,
808 2559 886 2643 quid
909 2560 980 2625 est?

107 2649 278 2734 „Narrasti
299 2646 401 2712 nihil“
422 2647 529 2732 inquis
550 2651 646 2732 „eta
668 2649 701 2710 te
723 2647 852 2731 perdita
873 2670 970 2713 causa
993 2649 1069 2715 est.“

152 2739 259 2803 Tanto
281 2737 355 2820 plus
379 2736 488 2821 debes,
512 2733 621 2820 Sexte,
644 2735 731 2818 quod
754 2735 875 2801 erubui.

504 2892 625 2960 XVIH.

108 3002 142 3068 Si
164 3007 235 3086 tua,
260 2999 397 3087 Coruini,
419 3022 551 3086 promas
575 3001 810 3087 epigrammata
832 3002 944 3087 vulgo,

151 3090 213 3155 Vel
237 3112 363 3154 mecum
380 3091 487 3173 possis
510 3090 563 3154 vel
585 3092 675 3173 prior
697 3090 767 3175 ipse
790 3090 868 3174 legi:

108 3180 171 3246 Sed
193 3180 255 3243 tibi
278 3182 389 3243 tantus
412 3179 497 3242 inest
520 3178 637 3242 veteris
659 3181 823 3261 respectus
848 3177 955 3257 amici,

152 3267 266 3333 Carior
287 3272 325 3331 ut
347 3289 419 3331 mea
442 3267 485 3330 sit
508 3289 605 3351 quam
628 3269 685 3330 tua
707 3267 794 3330 fama
817 3266 900 3330 tibi.-

80 3357 160 3424 5Sio
183 3356 274 3420 Maro
297 3377 356 3420 nec
379 3353 511 3419 Calabri
533 3355 707 3438 temptavit
731 3354 874 3418 earmina
896 3352 1016 3438 Flacci,
1076 3390 1088 3415 s

150 3445 337 3510 Pindaricos
359 3447 472 3508 nosset
494 3465 566 3507 cum
590 3463 742 3526 superare
765 3442 890 3526 modos,

105 3535 152 3600 Et
174 3534 275 3598 Vario
300 3534 397 3596 cessit
419 3531 559 3595 Romani
582 3530 676 3594 laude
700 3530 864 3609 cothurni,

150 3622 232 3688 Cum
255 3625 367 3705 posset
390 3619 514 3704 tragico
537 3618 655 3682 fortius
679 3639 734 3682 ore
757 3617 855 3701 loqui.

104 3712 230 3776 Aurum
255 3714 287 3774 et
310 3730 386 3793 opes
410 3711 443 3772 et
465 3729 542 3771 rura
562 3706 713 3790 frequens
738 3705 872 3771 donabit
895 3704 1030 3769 amicus:
1107 3751 1110 3754 ⁴

61 3819 94 3867 10
150 3800 211 3876 Qui
235 3798 313 3863 velit
333 3796 465 3883 ingenio
489 3795 618 3885 cedere,
639 3817 738 3862 uatus
761 3795 838 3861 ent.
1068 3887 1071 3890 ἡ

888 3891 947 3949 uu*
