2408 4132
374 467 671 524 EPIGRAMMATON
688 469 755 525 LIB.
774 471 814 528 X.-

133 629 204 695 Iam
228 631 353 717 scrobe,
376 630 442 695 iam
465 632 564 715 lecto,
586 631 652 696 iam
674 631 869 716 pollinctore
891 636 1008 718 parato

177 717 338 784 Heredem
361 719 491 803 scripsit
514 741 565 784 me
588 719 710 785 Numa:
733 722 906 788 convaluit.

518 857 667 925 XCVIII.

134 965 244 1030 Addat
267 987 340 1030 oum
362 964 442 1029 mihi
464 962 647 1030 Caecubum
670 965 818 1031 minister

135 1054 231 1118 ldaeo
254 1053 428 1118 resolutior
450 1052 597 1138 cinaedo,

135 1142 205 1217 Quo
226 1163 286 1206 nec
308 1141 377 1206 filia
399 1141 517 1207 cultior
537 1162 596 1206 nec
619 1162 702 1207 uxor

134 1230 203 1294 Nec
227 1233 332 1295 mater
352 1233 411 1295 tua
432 1251 492 1295 nec
516 1251 608 1295 soror
629 1231 804 1316 recumbit,

108 1318 194 1383 5Vis
218 1322 360 1404 spectem
382 1319 491 1401 potius
514 1321 588 1383 tuas
610 1318 758 1384 lucernas

135 1408 203 1471 Aut
225 1407 342 1472 citrum
364 1410 456 1471 vetus
479 1405 671 1490 Indicosque
694 1407 829 1472 dentes?

136 1495 310 1580 Suspectus
333 1494 458 1560 tibine
480 1498 593 1559 tamen
614 1496 813 1575 recumbam,

135 1584 270 1648 Praesta
292 1583 330 1648 de
354 1603 452 1669 grege
476 1583 668 1668 sordidaque
690 1584 770 1648 villa

135 1672 274 1755 Tonsos,
295 1671 491 1750 horridulos,
513 1671 622 1755 rudes,
645 1672 782 1757 pusillos

93 1777 125 1825 10
135 1759 265 1825 Hircosi
287 1758 368 1824 mihi
389 1759 475 1824 filios
498 1760 633 1825 subulci.

135 1848 250 1912 Perdet
272 1852 305 1912 te
327 1847 420 1912 dolor
441 1847 507 1913 hic:
530 1848 663 1934 habere,
685 1848 796 1932 Publi,

135 1936 243 2002 Mores
265 1958 332 2001 non
353 1939 447 2021 potes
470 1936 531 2001 hos
555 1937 670 2002 ethos
693 1937 871 2002 ministros.

537 2075 651 2142 XCIX.

137 2182 171 2248 si
191 2182 340 2248 Romana
361 2182 470 2248 forent
492 2183 571 2248 haec
595 2179 738 2248 Socratis
762 2205 833 2264 ora,
856 2187 994 2249 tu1ssent

178 2270 280 2336 Iulius
303 2272 338 2335 in
361 2270 487 2355 Satyris
511 2271 621 2355 qualia
642 2270 747 2335 R'ufus
770 2272 877 2335 habet.

576 2408 611 2476 O.

136 2518 232 2604 Quid,
256 2519 367 2602 stulte,
389 2517 510 2581 nostris
533 2517 679 2582 versibus
703 2520 777 2583 tuos
801 2518 937 2584 misces?

136 2607 217 2673 Cum
240 2606 389 2690 litigante
413 2605 490 2691 quid
512 2605 589 2688 tibi,
611 2605 725 2691 miser,
746 2606 854 2671 libro?

136 2695 219 2772 Quid
242 2715 441 2780 congregare
465 2716 537 2759 cum
560 2694 709 2759 leonibus
731 2694 846 2780 vulpes

135 2783 326 2868 Aquilisque
350 2783 472 2847 similes
494 2781 600 2847 facere
622 2786 758 2848 noctuas
781 2783 932 2869 quaeris?

108 2870 265 2938 5Habeas
288 2871 399 2936 licebit
422 2871 560 2936 alterum
582 2870 698 2957 pedem
720 2869 842 2957 Ladae,

135 2959 262 3044 Inepte,
284 2959 407 3024 frustra
430 2981 520 3025 crure
543 2959 653 3046 ligneo
677 2961 788 3024 curris.

569 3099 621 3166 01.

135 3205 248 3289 Elysio
271 3205 383 3270 redeat
405 3206 434 3271 si
455 3207 540 3272 forte
563 3207 717 3273 remissus
742 3208 782 3273 ab
807 3204 886 3293 agro

179 3294 241 3360 Ille
264 3315 321 3359 suo
344 3294 424 3359 felix
446 3294 582 3361 Caesare
605 3294 721 3360 Gabba
742 3299 851 3377 vetus,

136 3381 199 3458 Qui
221 3381 440 3466 Capitolinum
462 3385 586 3468 pariter
609 3383 820 3467 Gabbamque
843 3382 986 3448 iocantes

179 3471 342 3556 Audierit,
365 3471 462 3536 dicet:
485 3471 637 3555 „Rustico
660 3471 789 3554 Gabba,
812 3471 911 3536 tace.“

561 3611 630 3678 011.

136 3718 208 3794 Qua
230 3718 335 3783 factus
357 3718 482 3784 ratione
506 3718 549 3784 sit
571 3718 723 3803 requiris,

136 3807 200 3884 Qui
221 3829 385 3892 nunquam
408 3805 523 3895 futuit,
545 3810 643 3897 pater
664 3806 875 3876 Pliilaenus‘l
