2408 4132
152 453 214 515 118
474 447 510 501 u.
530 445 609 500 vsi.
632 444 826 499 nmmum

195 611 312 676 Sedere
334 612 368 673 in
391 611 533 693 equitum
558 610 653 674 liceat
677 631 717 671 au
739 608 799 671 tibi
822 607 975 684 scamnis,

193 698 332 781 Videbo,
356 697 505 781 Didyme:
528 720 593 762 non
616 698 692 761 lioet
716 697 914 760 maritorum.

601 827 701 892 XLII.

195 926 338 993 Callidus
363 927 492 991 effracta
514 946 663 989 nummos
687 925 739 988 fur
762 925 886 989 auferet
909 947 998 1007 area,

237 1015 425 1079 Prosternet
447 1015 570 1097 patrios
595 1014 694 1095 impia
715 1012 846 1076 flamma
868 1014 966 1076 lares:

194 1103 331 1168 Debitor
353 1123 483 1165 usuram
506 1102 627 1185 pariter
649 1105 833 1184 sortemque
854 1100 1002 1185 negabit,

237 1190 312 1255 Non
335 1189 447 1253 reddet
470 1189 590 1253 sterilis
614 1189 737 1252 semina
758 1191 843 1252 iacta
867 1209 972 1272 seges:

169 1279 459 1363 5Dispensatorem
482 1277 583 1341 fallax
607 1277 761 1360 spoliabit
784 1277 901 1359 amica,

237 1366 397 1431 Meroibus
416 1370 578 1430 extructas
600 1367 716 1429 obruet
737 1365 823 1428 unda
845 1369 941 1428 rates.

194 1455 299 1539 Extra
319 1455 485 1518 fortunam
508 1458 572 1536 est,
595 1455 622 1516 si
646 1453 722 1537 quid
746 1453 884 1516 donatur
906 1453 1033 1517 amieis:

240 1542 326 1619 Quas
350 1542 487 1618 dederis,
510 1542 595 1606 solas
620 1564 746 1624 semper
767 1540 903 1604 habebis
926 1562 1013 1624 opes.

592 1672 709 1738 XLIII.

85 1686 146 1795 lh
195 1769 294 1834 Thais
317 1769 417 1834 habet
438 1769 565 1854 nigros,
586 1771 698 1834 mveos
721 1768 881 1833 Laecania
903 1769 1023 1834 dentes.

240 1858 329 1934 Quae
351 1858 436 1923 ratio
460 1858 531 1921 est?
566 1857 705 1941 Emptos
728 1857 807 1921 haeo
829 1858 942 1942 habet,
963 1859 1023 1923 illa
1046 1881 1137 1927 suos.

595 1988 710 2052 XLIV.

196 2086 280 2162 Quid
302 2086 423 2151 factum
447 2092 510 2169 est,
532 2108 625 2171 rogo,
650 2087 726 2170 quid
748 2091 880 2172 repente
902 2087 1024 2152 laetum
1046 2094 1113 2174 est,

195 2175 247 2238 Ad
270 2195 383 2240 cenam
406 2175 499 2259 mihi,
521 2173 641 2259 Dento,
666 2175 751 2260 quod
772 2177 902 2241 vocanti
927 2213 964 2222 -

196 2262 275 2338 Quis
298 2263 430 2328 credat?
453 2300 494 2310 -
519 2268 634 2347 quater
656 2286 753 2328 ausus
777 2286 811 2328 es
833 2265 976 2349 negare?

197 2349 260 2415 Sed
282 2372 341 2415 neo
363 2352 496 2436 respicis
519 2356 552 2415 et
573 2351 661 2438 fugis
685 2355 884 2437 sequentem,

171 2438 300 2514 eQuem
322 2439 459 2504 thermis
481 2440 576 2504 modo
601 2463 752 2524 quaerere
775 2445 809 2505 et
830 2440 969 2504 theatris

195 2526 242 2590 Ilt
264 2528 469 2592 conclavibus
493 2529 641 2594 omnibus
665 2530 802 2593 solebas.

198 2612 251 2678 Sic
274 2619 336 2697 est,
360 2619 473 2700 eaptus
496 2637 530 2680 es
553 2617 697 2681 unctiore
720 2638 831 2681 mensa

197 2701 242 2765 Et
263 2702 368 2766 maior
390 2703 499 2788 rapuit
521 2725 633 2768 canem
656 2705 771 2769 eulina.

196 2786 266 2852 Iam
289 2793 336 2873 te,
360 2790 415 2854 sed
438 2791 515 2874 cito,
539 2793 704 2877 cognitum
727 2795 761 2856 et
781 2791 930 2857 relietum

156 2891 187 2941 10
197 2875 278 2941 (lum
300 2875 474 2941 fastidierit
496 2879 617 2962 popina
639 2880 741 2959 dites,

198 2962 361 3049 Antiquae
384 2965 491 3030 venies
515 2966 653 3032 adosse
676 2989 780 3032 oense.

606 3097 703 3164 XLV.

198 3192 289 3259 Diois
311 3193 499 3277 formosam,
523 3194 602 3259 diois
626 3199 673 3280 te,
695 3196 811 3278 Bassa,
833 3197 985 3281 puellam.

198 3281 289 3347 Istud
313 3304 394 3366 quae
416 3304 481 3348 non
505 3286 554 3346 est
577 3283 692 3363 dicere,
715 3283 831 3368 Bassa,
854 3286 945 3350 solet.

597 3413 711 3481 XLVI.

199 3510 298 3577 Basia
321 3511 396 3576 dum
419 3512 494 3577 nolo
517 3512 581 3577 uisi
604 3535 686 3597 quoe
709 3514 868 3579 luctantia
891 3514 1010 3598 carpsi,

242 3599 288 3664 Et
309 3601 416 3685 placet
439 3601 487 3665 ira
510 3600 591 3666 mihi
612 3601 686 3686 plus
708 3605 779 3686 tua,
802 3625 899 3688 quam
920 3602 1032 3685 facies,

162 3686 165 3693 '
199 3685 246 3751 Ut
267 3690 300 3752 te
323 3708 419 3774 saepe
441 3709 566 3774 rogem,
589 3690 699 3773 caedo,
721 3690 935 3772 Diadumene,
958 3711 1065 3774 saepe:

240 3773 430 3864 Consequor
450 3776 526 3860 hoo,
549 3781 586 3845 ut
607 3799 660 3845 mo
680 3800 741 3845 neo
761 3779 880 3844 timeas
899 3801 962 3842 neo
982 3799 1076 3842 ames
