2408 4132
135 474 180 538 54
463 471 500 527 IL
519 471 600 527 VAL.
619 470 815 526 MARTIALIS

578 686 697 753 LXIII.

182 793 261 861 Sola
282 796 345 860 tibi
366 794 497 859 fuerant
519 793 684 877 sestertia,
706 792 852 877 Miliche,
873 796 1018 878 centum,

224 883 312 958 Quae
335 884 413 946 10111
437 904 454 946 0
478 904 570 947 sacra
591 880 679 946 Leda
700 882 867 967 redempta
887 883 950 947 ria

181 971 326 1053 Milicho,
349 970 477 1034 luxuria
499 973 562 1044 001,
584 969 613 1033 01
635 970 720 1034 10011
742 970 831 1035 dives
854 991 989 1035 amares.

223 1058 319 1145 ,Non
337 1060 430 1123 am0“
451 1059 518 1123 iam
542 1057 641 1122 dices:
663 1058 744 1123 haec
761 1080 889 1143 quoque
910 1058 1040 1123 luxuria
1062 1065 1126 1127 001.

581 1250 696 1316 LXIV.

181 1359 267 1423 Dum
290 1359 385 1424 modo
408 1358 617 1435 causidicum,
636 1357 712 1421 dum
729 1361 763 1422 te
782 1357 877 1421 modo
895 1357 1030 1423 rhetora
1045 1359 1148 1446 fingis

225 1447 270 1510 Et
292 1468 359 1511 non
381 1446 542 1528 decernis,
563 1407 680 1527 Lairre,
704 1445 781 1528 quid
804 1467 873 1509 esse
896 1446 993 1530 velis,

181 1533 351 1598 Peleost
318 1539 351 1598 01
372 1533 496 1598 Priami
516 1496 636 1597 transit
659 1496 692 1597 ei
714 1531 864 1598 Nestoris
887 1538 977 1599 aetas

224 1623 272 1686 Et
292 1622 438 1686 fuerats
422 1643 530 1686 serum
552 1623 619 1685 iam
640 1620 704 1685 tibi
726 1621 880 1685 desinere.

155 1710 306 1792 olncipe,
327 1722 395 1774 tres
418 1732 482 1774 uno
504 1709 669 1794 perierunt
691 1709 838 1774 rhetores
861 1731 960 1791 anno,

227 1796 263 1862 Si
286 1798 363 1881 quid
385 1797 487 1861 habes
510 1797 623 1880 animi,
647 1799 674 1860 01
698 1797 775 1880 quid
797 1799 833 1861 in
854 1801 924 1862 arte
946 1797 1047 1863 vales.

183 1884 218 1949 Si
242 1886 354 1950 schola
376 1886 561 1967 damnatur,
583 1884 656 1949 fora
677 1884 791 1949 litibus
813 1886 924 1950 omnia
944 1884 1089 1969 fervent,

224 1973 299 2056 Ipse
322 1977 431 2056 potest
453 1974 523 2037 ficri
544 1935 676 2037 Idarsua
699 1973 886 2038 causidIcus

181 2059 265 2125 Heia
288 2084 363 2147 age,
386 2084 498 2146 rumpe
518 2083 641 2126 moras.
665 2083 729 2144 quo
747 2066 780 2125 te
799 2061 1002 2146 sperabimus
1019 2066 1149 2148 usque?

138 2167 171 2214 1o
224 2148 311 2214 Dum
334 2150 479 2235 quidus
502 2149 676 2233 dubitass
666 2172 732 2214 ram
754 2154 812 2233 pot
810 2171 848 2213 00
871 2170 941 2213 esse
963 2149 1058 2217 nihil.

591 2342 691 2408 LXV.

182 2449 249 2514 Cur
270 2451 450 2516 tnsfiorem
473 2449 633 2514 cernimus
657 2447 865 2512 Saleianum?

181 2538 253 2618 „An
276 2559 374 2603 causa
396 2539 477 2602 levis
500 2538 592 2601 estV‘
613 2536 732 2621 inquit,
754 2535 875 2620 „extuli
897 2539 1060 2604 uxorem.“

183 2625 209 2689 Ο
233 2627 354 2710 grande
376 2625 439 2690 fati
461 2627 594 2690 crimen!
618 2648 637 2690 o
661 2645 794 2708 gravem
816 2627 941 2689 casum!

181 2711 259 2795 Illa,
281 2713 340 2778 illa
362 2714 451 2777 dives
474 2719 604 2778 mortua
626 2715 677 2778 est
701 2710 896 2795 Secundilla,

155 2798 331 2865 aCentena
353 2800 457 2864 decies
481 2823 562 2884 quae
584 2803 646 2866 tibi
669 2800 758 2864 dedit
780 2800 888 2865 dotis?

182 2887 312 2953 Nollem
335 2888 504 2952 accidisset
525 2887 588 2952 hoc
611 2889 687 2972 tibi,
711 2887 870 2952 Saleiane.

584 3081 699 3148 LXVI.

182 3186 275 3252 Unus
298 3188 337 3252 de
359 3191 430 3251 1010
453 3192 643 3271 peceaverat
665 3188 743 3254 orbe
766 3211 932 3255 comarum

227 3277 369 3355 Anulus,
391 3276 515 3340 ineerta
537 3297 603 3342 non
625 3278 707 3342 bene
728 3277 811 3341 fixus
835 3299 903 3342 acu.

182 3362 253 3427 Hoc
275 3363 400 3428 facinus
422 3361 545 3448 Lalage
569 3366 712 3450 speculo,
736 3387 800 3449 quo
822 3365 963 3447 viderat,
985 3365 1060 3431 ulta
1081 3371 1147 3450 est,

226 3451 271 3515 Et
294 3452 409 3516 cecidil
432 3453 538 3516 saevis
560 3453 626 3518 1010
648 3452 785 3518 Plecusa
807 3453 918 3517 comis.

67 3577 87 3617 ·.
154 3538 301 3604 oDesine
323 3540 403 3621 iam,
425 3539 562 3641 Lalage,
584 3543 696 3606 tristes
719 3563 835 3606 ornare
857 3539 1008 3626 capillos,

227 3626 356 3712 Tangat
378 3589 442 3691 01
432 3649 582 3692 insanum
604 3630 696 3695 nulla
717 3631 825 3713 puella
848 3632 954 3713 caput

181 3713 254 3780 Hoc
276 3716 481 3781 salamandra
502 3718 595 3780 notet
616 3718 669 3783 vel
692 3739 790 3784 saeva
810 3717 970 3782 novacula
990 3716 1107 3805 nudet,

217 3800 264 3866 Ut
285 3804 389 3889 digna
412 3805 550 3894 speculo
572 3806 664 3873 fiat'
655 3828 769 3894 imago
788 3806 915 3869 tuo
