<?xml version="1.0" encoding="UTF-8"?>
<!DOCTYPE html PUBLIC "-//W3C//DTD XHTML 1.0 Transitional//EN"
    "http://www.w3.org/TR/xhtml1/DTD/xhtml1-transitional.dtd">
<html xmlns="http://www.w3.org/1999/xhtml" xml:lang="en" lang="en">
 <head>
  <title>
</title>
<meta http-equiv="Content-Type" content="text/html;charset=utf-8" />
  <meta name='ocr-system' content='tesseract 3.04.00' />
  <meta name='ocr-capabilities' content='ocr_page ocr_carea ocr_par ocr_line ocrx_word'/>
</head>
<body>
  <div class='ocr_page' id='page_1' title='image "./mvaleriimartial00gilbgoog/mvaleriimartial00gilbgoog_0248.png"; bbox 0 0 2408 4132; ppageno 0'>
   <div class='ocr_carea' id='block_1_1' title="bbox 301 339 1086 424">
    <p class='ocr_par' dir='ltr' id='par_1_1' title="bbox 301 339 1086 424">
     <span class='ocr_line' id='line_1_1' title="bbox 301 339 1086 424; baseline 0.025 -32"><span class='ocrx_word' id='word_1_1' title='bbox 301 421 302 424; x_wconf 4' lang='grc' dir='ltr'><strong><em>Ν</em></strong></span> <span class='ocrx_word' id='word_1_2' title='bbox 364 339 805 398; x_wconf 73' lang='lat' dir='ltr'>aerssnnnnronurss.1n</span> <span class='ocrx_word' id='word_1_3' title='bbox 1022 343 1086 411; x_wconf 76' lang='lat'>201</span> 
     </span>
    </p>
   </div>
   <div class='ocr_carea' id='block_1_2' title="bbox 88 502 920 932">
    <p class='ocr_par' dir='ltr' id='par_1_2' title="bbox 88 502 920 932">
     <span class='ocr_line' id='line_1_2' title="bbox 129 502 920 587; baseline -0.001 -20"><span class='ocrx_word' id='word_1_4' title='bbox 129 503 251 568; x_wconf 90' lang='lat' dir='ltr'>Dicunt</span> <span class='ocrx_word' id='word_1_5' title='bbox 273 502 431 566; x_wconf 76' lang='lat' dir='ltr'>Eiarinon</span> <span class='ocrx_word' id='word_1_6' title='bbox 454 505 563 566; x_wconf 89' lang='lat' dir='ltr'>tamen</span> <span class='ocrx_word' id='word_1_7' title='bbox 585 507 714 587; x_wconf 87' lang='lat' dir='ltr'>poetae,</span> <span class='ocrx_word' id='word_1_8' title='bbox 915 575 920 583; x_wconf 12' lang='lat' dir='ltr'>p</span> 
     </span>
     <span class='ocr_line' id='line_1_3' title="bbox 132 589 844 678; baseline 0.004 -23"><span class='ocrx_word' id='word_1_9' title='bbox 132 590 195 656; x_wconf 83' lang='lat' dir='ltr'>Sed</span> <span class='ocrx_word' id='word_1_10' title='bbox 216 589 346 674; x_wconf 83' lang='lat' dir='ltr'>Graeci,</span> <span class='ocrx_word' id='word_1_11' title='bbox 370 591 486 674; x_wconf 88' lang='lat' dir='ltr'>quibus</span> <span class='ocrx_word' id='word_1_12' title='bbox 510 595 560 655; x_wconf 89' lang='lat' dir='ltr'>est</span> <span class='ocrx_word' id='word_1_13' title='bbox 582 591 665 655; x_wconf 91' lang='lat' dir='ltr'><strong>nihil</strong></span> <span class='ocrx_word' id='word_1_14' title='bbox 687 595 844 678; x_wconf 87' lang='lat' dir='ltr'>negatum</span> 
     </span>
     <span class='ocr_line' id='line_1_4' title="bbox 88 668 762 764; baseline 0 -21"><span class='ocrx_word' id='word_1_15' title='bbox 88 696 120 744; x_wconf 86' lang='lat'>15</span> <span class='ocrx_word' id='word_1_16' title='bbox 130 679 174 743; x_wconf 84' lang='lat' dir='ltr'>Et</span> <span class='ocrx_word' id='word_1_17' title='bbox 198 701 278 764; x_wconf 90' lang='lat' dir='ltr'>quos</span> <span class='ocrx_word' id='word_1_18' title='bbox 297 668 389 764; x_wconf 70' lang='grc' dir='ltr'>Ἀρες</span> <span class='ocrx_word' id='word_1_19' title='bbox 402 676 499 764; x_wconf 77' lang='grc' dir='ltr'><em>’Ἆρες</em></span> <span class='ocrx_word' id='word_1_20' title='bbox 522 679 612 744; x_wconf 87' lang='lat' dir='ltr'>decet</span> <span class='ocrx_word' id='word_1_21' title='bbox 634 701 762 745; x_wconf 89' lang='lat' dir='ltr'>sonare:</span> 
     </span>
     <span class='ocr_line' id='line_1_5' title="bbox 130 766 774 854; baseline 0 -22"><span class='ocrx_word' id='word_1_22' title='bbox 130 767 235 833; x_wconf 91' lang='lat' dir='ltr'>Nobis</span> <span class='ocrx_word' id='word_1_23' title='bbox 255 789 324 832; x_wconf 89' lang='lat' dir='ltr'>non</span> <span class='ocrx_word' id='word_1_24' title='bbox 346 766 422 831; x_wconf 87' lang='lat' dir='ltr'>licet</span> <span class='ocrx_word' id='word_1_25' title='bbox 445 788 515 831; x_wconf 90' lang='lat' dir='ltr'>esse</span> <span class='ocrx_word' id='word_1_26' title='bbox 537 770 606 832; x_wconf 87' lang='lat' dir='ltr'>tarn</span> <span class='ocrx_word' id='word_1_27' title='bbox 629 767 774 854; x_wconf 75' lang='lat' dir='ltr'>disertis,</span> 
     </span>
     <span class='ocr_line' id='line_1_6' title="bbox 131 853 694 932; baseline 0.002 -11"><span class='ocrx_word' id='word_1_28' title='bbox 131 854 193 932; x_wconf 81' lang='lat' dir='ltr'>Qui</span> <span class='ocrx_word' id='word_1_29' title='bbox 215 853 325 920; x_wconf 86' lang='lat' dir='ltr'>Musas</span> <span class='ocrx_word' id='word_1_30' title='bbox 350 855 485 920; x_wconf 89' lang='lat' dir='ltr'>colimus</span> <span class='ocrx_word' id='word_1_31' title='bbox 509 855 694 922; x_wconf 78' lang='lat' dir='ltr'>severiores.</span> 
     </span>
    </p>
   </div>
   <div class='ocr_carea' id='block_1_3' title="bbox 552 986 624 1051">
    <p class='ocr_par' dir='ltr' id='par_1_3' title="bbox 552 986 624 1051">
     <span class='ocr_line' id='line_1_7' title="bbox 552 986 624 1051; baseline 0 0"><span class='ocrx_word' id='word_1_32' title='bbox 552 986 624 1051; x_wconf 89' lang='lat' dir='ltr'>XII.</span> 
     </span>
    </p>
   </div>
   <div class='ocr_carea' id='block_1_4' title="bbox 131 1083 1058 1435">
    <p class='ocr_par' dir='ltr' id='par_1_4' title="bbox 131 1083 1058 1257">
     <span class='ocr_line' id='line_1_8' title="bbox 131 1083 1058 1168; baseline -0.002 -18"><span class='ocrx_word' id='word_1_33' title='bbox 131 1084 166 1150; x_wconf 82' lang='lat' dir='ltr'>si</span> <span class='ocrx_word' id='word_1_34' title='bbox 190 1085 281 1150; x_wconf 89' lang='lat' dir='ltr'>daret</span> <span class='ocrx_word' id='word_1_35' title='bbox 305 1088 477 1150; x_wconf 84' lang='lat' dir='ltr'>autumnus</span> <span class='ocrx_word' id='word_1_36' title='bbox 501 1083 583 1149; x_wconf 91' lang='lat' dir='ltr'>mihi</span> <span class='ocrx_word' id='word_1_37' title='bbox 604 1106 736 1168; x_wconf 84' lang='lat' dir='ltr'>nomen,</span> <span class='ocrx_word' id='word_1_38' title='bbox 759 1083 917 1168; x_wconf 84' lang='lat' dir='ltr'>Oporinos</span> <span class='ocrx_word' id='word_1_39' title='bbox 941 1105 1058 1167; x_wconf 80' lang='lat' dir='ltr'>essem,</span> 
     </span>
     <span class='ocr_line' id='line_1_9' title="bbox 175 1171 905 1257; baseline -0.001 -20"><span class='ocrx_word' id='word_1_40' title='bbox 175 1173 315 1237; x_wconf 88' lang='lat' dir='ltr'>Horrida</span> <span class='ocrx_word' id='word_1_41' title='bbox 338 1174 366 1238; x_wconf 90' lang='lat' dir='ltr'>si</span> <span class='ocrx_word' id='word_1_42' title='bbox 388 1173 522 1237; x_wconf 89' lang='lat' dir='ltr'>brumae</span> <span class='ocrx_word' id='word_1_43' title='bbox 545 1173 664 1257; x_wconf 89' lang='lat' dir='ltr'>sidera,</span> <span class='ocrx_word' id='word_1_44' title='bbox 687 1171 905 1256; x_wconf 73' lang='lat' dir='ltr'>Chimerin013</span> 
     </span>
    </p>

    <p class='ocr_par' dir='ltr' id='par_1_5' title="bbox 131 1261 1024 1435">
     <span class='ocr_line' id='line_1_10' title="bbox 131 1261 1024 1327; baseline -0.006 0"><span class='ocrx_word' id='word_1_45' title='bbox 131 1262 245 1327; x_wconf 81' lang='lat' dir='ltr'>Dictus</span> <span class='ocrx_word' id='word_1_46' title='bbox 269 1262 310 1326; x_wconf 91' lang='lat' dir='ltr'>ab</span> <span class='ocrx_word' id='word_1_47' title='bbox 334 1262 457 1326; x_wconf 83' lang='lat' dir='ltr'>aestivo</span> <span class='ocrx_word' id='word_1_48' title='bbox 480 1261 638 1326; x_wconf 78' lang='lat' dir='ltr'>Therinos</span> <span class='ocrx_word' id='word_1_49' title='bbox 661 1261 724 1325; x_wconf 90' lang='lat' dir='ltr'>tibi</span> <span class='ocrx_word' id='word_1_50' title='bbox 747 1282 857 1325; x_wconf 86' lang='lat' dir='ltr'>mense</span> <span class='ocrx_word' id='word_1_51' title='bbox 879 1281 1024 1325; x_wconf 83' lang='lat' dir='ltr'>vocarer:</span> 
     </span>
     <span class='ocr_line' id='line_1_11' title="bbox 175 1348 1009 1435; baseline -0.002 -22"><span class='ocrx_word' id='word_1_52' title='bbox 175 1350 336 1435; x_wconf 84' lang='lat' dir='ltr'>Tempora</span> <span class='ocrx_word' id='word_1_53' title='bbox 358 1350 410 1416; x_wconf 90' lang='lat' dir='ltr'>cui</span> <span class='ocrx_word' id='word_1_54' title='bbox 431 1370 549 1413; x_wconf 91' lang='lat' dir='ltr'>nomen</span> <span class='ocrx_word' id='word_1_55' title='bbox 571 1372 671 1414; x_wconf 84' lang='lat' dir='ltr'>verna</span> <span class='ocrx_word' id='word_1_56' title='bbox 694 1348 820 1434; x_wconf 87' lang='lat' dir='ltr'>dedere,</span> <span class='ocrx_word' id='word_1_57' title='bbox 844 1349 914 1433; x_wconf 91' lang='lat' dir='ltr'>quis</span> <span class='ocrx_word' id='word_1_58' title='bbox 939 1348 1009 1412; x_wconf 82' lang='lat' dir='ltr'>est?</span> 
     </span>
    </p>
   </div>
   <div class='ocr_carea' id='block_1_5' title="bbox 544 1480 624 1546">
    <p class='ocr_par' dir='ltr' id='par_1_6' title="bbox 544 1480 624 1546">
     <span class='ocr_line' id='line_1_12' title="bbox 544 1480 624 1546; baseline 0 0"><span class='ocrx_word' id='word_1_59' title='bbox 544 1480 624 1546; x_wconf 86' lang='lat' dir='ltr'><strong>XIII</strong></span> 
     </span>
    </p>
   </div>
   <div class='ocr_carea' id='block_1_6' title="bbox 105 1576 1090 2273">
    <p class='ocr_par' dir='ltr' id='par_1_7' title="bbox 105 1576 1090 2273">
     <span class='ocr_line' id='line_1_13' title="bbox 131 1576 1090 1664; baseline -0.001 -22"><span class='ocrx_word' id='word_1_60' title='bbox 131 1576 259 1642; x_wconf 91' lang='lat' dir='ltr'>Nomen</span> <span class='ocrx_word' id='word_1_61' title='bbox 282 1577 383 1643; x_wconf 89' lang='lat' dir='ltr'>habes</span> <span class='ocrx_word' id='word_1_62' title='bbox 406 1579 508 1643; x_wconf 89' lang='lat' dir='ltr'>teneri</span> <span class='ocrx_word' id='word_1_63' title='bbox 532 1579 617 1663; x_wconf 89' lang='lat' dir='ltr'>quod</span> <span class='ocrx_word' id='word_1_64' title='bbox 639 1582 787 1664; x_wconf 87' lang='lat' dir='ltr'>tempora</span> <span class='ocrx_word' id='word_1_65' title='bbox 813 1581 978 1663; x_wconf 89' lang='lat' dir='ltr'>nuncupat</span> <span class='ocrx_word' id='word_1_66' title='bbox 1001 1577 1090 1662; x_wconf 87' lang='lat' dir='ltr'>anni,</span> 
     </span>
     <span class='ocr_line' id='line_1_14' title="bbox 176 1664 984 1753; baseline -0.001 -22"><span class='ocrx_word' id='word_1_67' title='bbox 176 1664 256 1731; x_wconf 91' lang='lat' dir='ltr'>Cum</span> <span class='ocrx_word' id='word_1_68' title='bbox 279 1668 376 1731; x_wconf 87' lang='lat' dir='ltr'>breve</span> <span class='ocrx_word' id='word_1_69' title='bbox 399 1665 572 1752; x_wconf 78' lang='lat' dir='ltr'>Cecropiae</span> <span class='ocrx_word' id='word_1_70' title='bbox 596 1689 651 1732; x_wconf 84' lang='lat' dir='ltr'>ver</span> <span class='ocrx_word' id='word_1_71' title='bbox 673 1668 871 1753; x_wconf 90' lang='lat' dir='ltr'>populantur</span> <span class='ocrx_word' id='word_1_72' title='bbox 895 1687 984 1752; x_wconf 81' lang='lat' dir='ltr'>apes3</span> 
     </span>
     <span class='ocr_line' id='line_1_15' title="bbox 131 1753 1006 1840; baseline 0.001 -22"><span class='ocrx_word' id='word_1_73' title='bbox 131 1753 259 1818; x_wconf 90' lang='lat' dir='ltr'>Nomen</span> <span class='ocrx_word' id='word_1_74' title='bbox 283 1756 430 1820; x_wconf 86' lang='lat' dir='ltr'>Acidalia</span> <span class='ocrx_word' id='word_1_75' title='bbox 452 1756 569 1821; x_wconf 83' lang='lat' dir='ltr'>meruit</span> <span class='ocrx_word' id='word_1_76' title='bbox 592 1756 678 1840; x_wconf 92' lang='lat' dir='ltr'>quod</span> <span class='ocrx_word' id='word_1_77' title='bbox 699 1754 878 1820; x_wconf 81' lang='lat' dir='ltr'>harundine</span> <span class='ocrx_word' id='word_1_78' title='bbox 901 1755 1006 1840; x_wconf 84' lang='lat' dir='ltr'>pingi,</span> 
     </span>
     <span class='ocr_line' id='line_1_16' title="bbox 176 1842 932 1931; baseline 0.001 -24"><span class='ocrx_word' id='word_1_79' title='bbox 176 1842 269 1919; x_wconf 83' lang='lat' dir='ltr'>Quod</span> <span class='ocrx_word' id='word_1_80' title='bbox 292 1842 451 1927; x_wconf 77' lang='lat' dir='ltr'>Cytherea</span> <span class='ocrx_word' id='word_1_81' title='bbox 474 1866 533 1910; x_wconf 90' lang='lat' dir='ltr'>sua</span> <span class='ocrx_word' id='word_1_82' title='bbox 555 1844 695 1909; x_wconf 89' lang='lat' dir='ltr'>scribere</span> <span class='ocrx_word' id='word_1_83' title='bbox 718 1845 838 1931; x_wconf 90' lang='lat' dir='ltr'>gaudet</span> <span class='ocrx_word' id='word_1_84' title='bbox 860 1866 932 1927; x_wconf 81' lang='lat' dir='ltr'>acu3</span> 
     </span>
     <span class='ocr_line' id='line_1_17' title="bbox 105 1928 984 2016; baseline 0.005 -25"><span class='ocrx_word' id='word_1_85' title='bbox 105 1928 257 1996; x_wconf 86' lang='lat' dir='ltr'>5Nomen</span> <span class='ocrx_word' id='word_1_86' title='bbox 279 1931 471 2016; x_wconf 77' lang='lat' dir='ltr'>Erythraeis</span> <span class='ocrx_word' id='word_1_87' title='bbox 496 1933 580 2016; x_wconf 90' lang='lat' dir='ltr'>quod</span> <span class='ocrx_word' id='word_1_88' title='bbox 603 1932 715 1997; x_wconf 88' lang='lat' dir='ltr'>littera</span> <span class='ocrx_word' id='word_1_89' title='bbox 738 1933 825 1997; x_wconf 87' lang='lat' dir='ltr'>facta</span> <span class='ocrx_word' id='word_1_90' title='bbox 847 1931 984 2016; x_wconf 88' lang='lat' dir='ltr'>lapillis,</span> 
     </span>
     <span class='ocr_line' id='line_1_18' title="bbox 176 2018 984 2105; baseline -0.002 -21"><span class='ocrx_word' id='word_1_91' title='bbox 176 2018 312 2085; x_wconf 80' lang='lat' dir='ltr'>Gemma</span> <span class='ocrx_word' id='word_1_92' title='bbox 335 2019 420 2105; x_wconf 88' lang='lat' dir='ltr'>quod</span> <span class='ocrx_word' id='word_1_93' title='bbox 442 2018 617 2083; x_wconf 90' lang='lat' dir='ltr'>Heliadum</span> <span class='ocrx_word' id='word_1_94' title='bbox 639 2020 756 2104; x_wconf 89' lang='lat' dir='ltr'>pollice</span> <span class='ocrx_word' id='word_1_95' title='bbox 779 2020 858 2085; x_wconf 88' lang='lat' dir='ltr'>trita</span> <span class='ocrx_word' id='word_1_96' title='bbox 881 2023 984 2102; x_wconf 82' lang='lat' dir='ltr'>notet3</span> 
     </span>
     <span class='ocr_line' id='line_1_19' title="bbox 132 2107 993 2192; baseline -0.002 -20"><span class='ocrx_word' id='word_1_97' title='bbox 132 2107 223 2183; x_wconf 83' lang='lat' dir='ltr'>Quod</span> <span class='ocrx_word' id='word_1_98' title='bbox 245 2108 345 2192; x_wconf 89' lang='lat' dir='ltr'>pinna</span> <span class='ocrx_word' id='word_1_99' title='bbox 368 2108 528 2172; x_wconf 80' lang='lat' dir='ltr'>scribente</span> <span class='ocrx_word' id='word_1_100' title='bbox 552 2127 647 2192; x_wconf 82' lang='lat' dir='ltr'>grues</span> <span class='ocrx_word' id='word_1_101' title='bbox 671 2108 711 2171; x_wconf 87' lang='lat' dir='ltr'>ad</span> <span class='ocrx_word' id='word_1_102' title='bbox 735 2107 841 2172; x_wconf 87' lang='lat' dir='ltr'>sidera</span> <span class='ocrx_word' id='word_1_103' title='bbox 863 2108 993 2189; x_wconf 82' lang='lat' dir='ltr'>tollant3</span> 
     </span>
     <span class='ocr_line' id='line_1_20' title="bbox 177 2194 925 2273; baseline -0.004 -12"><span class='ocrx_word' id='word_1_104' title='bbox 177 2196 269 2273; x_wconf 79' lang='lat' dir='ltr'>Quod</span> <span class='ocrx_word' id='word_1_105' title='bbox 292 2195 383 2261; x_wconf 88' lang='lat' dir='ltr'>decet</span> <span class='ocrx_word' id='word_1_106' title='bbox 404 2195 438 2259; x_wconf 89' lang='lat' dir='ltr'>in</span> <span class='ocrx_word' id='word_1_107' title='bbox 462 2196 532 2259; x_wconf 89' lang='lat' dir='ltr'>sola</span> <span class='ocrx_word' id='word_1_108' title='bbox 556 2194 703 2260; x_wconf 82' lang='lat' dir='ltr'>Caesaris</span> <span class='ocrx_word' id='word_1_109' title='bbox 727 2217 797 2260; x_wconf 87' lang='lat' dir='ltr'>esse</span> <span class='ocrx_word' id='word_1_110' title='bbox 821 2195 925 2259; x_wconf 91' lang='lat' dir='ltr'>domo.</span> 
     </span>
    </p>
   </div>
   <div class='ocr_carea' id='block_1_7' title="bbox 544 2323 632 2393">
    <p class='ocr_par' dir='ltr' id='par_1_8' title="bbox 544 2323 632 2393">
     <span class='ocr_line' id='line_1_21' title="bbox 544 2323 632 2393; baseline 0.011 -2"><span class='ocrx_word' id='word_1_111' title='bbox 544 2323 632 2393; x_wconf 84' lang='lat' dir='ltr'>XIV.</span> 
     </span>
    </p>
   </div>
   <div class='ocr_carea' id='block_1_8' title="bbox 131 2423 1092 2767">
    <p class='ocr_par' dir='ltr' id='par_1_9' title="bbox 131 2423 1091 2599">
     <span class='ocr_line' id='line_1_22' title="bbox 131 2423 1091 2510; baseline 0 -21"><span class='ocrx_word' id='word_1_112' title='bbox 131 2424 239 2504; x_wconf 89' lang='lat' dir='ltr'>Hunc,</span> <span class='ocrx_word' id='word_1_113' title='bbox 253 2447 349 2510; x_wconf 91' lang='lat' dir='ltr'>quem</span> <span class='ocrx_word' id='word_1_114' title='bbox 362 2445 475 2490; x_wconf 86' lang='lat' dir='ltr'>mensa</span> <span class='ocrx_word' id='word_1_115' title='bbox 492 2423 567 2506; x_wconf 87' lang='lat' dir='ltr'>tibi,</span> <span class='ocrx_word' id='word_1_116' title='bbox 582 2445 677 2508; x_wconf 89' lang='lat' dir='ltr'>quem</span> <span class='ocrx_word' id='word_1_117' title='bbox 696 2445 773 2491; x_wconf 90' lang='lat' dir='ltr'>cena</span> <span class='ocrx_word' id='word_1_118' title='bbox 790 2423 920 2508; x_wconf 80' lang='lat' dir='ltr'>paravit</span> <span class='ocrx_word' id='word_1_119' title='bbox 939 2425 1091 2509; x_wconf 86' lang='lat' dir='ltr'>amioum,</span> 
     </span>
     <span class='ocr_line' id='line_1_23' title="bbox 175 2512 824 2599; baseline -0.002 -20"><span class='ocrx_word' id='word_1_120' title='bbox 175 2514 256 2580; x_wconf 80' lang='lat' dir='ltr'>Esse</span> <span class='ocrx_word' id='word_1_121' title='bbox 278 2519 374 2599; x_wconf 88' lang='lat' dir='ltr'>putas</span> <span class='ocrx_word' id='word_1_122' title='bbox 398 2513 481 2576; x_wconf 89' lang='lat' dir='ltr'>fidae</span> <span class='ocrx_word' id='word_1_123' title='bbox 503 2516 616 2596; x_wconf 83' lang='lat' dir='ltr'>pectus</span> <span class='ocrx_word' id='word_1_124' title='bbox 640 2512 824 2578; x_wconf 79' lang='lat' dir='ltr'>amicitiae?</span> 
     </span>
    </p>

    <p class='ocr_par' dir='ltr' id='par_1_10' title="bbox 132 2601 1092 2767">
     <span class='ocr_line' id='line_1_24' title="bbox 132 2601 1092 2685; baseline 0 -19"><span class='ocrx_word' id='word_1_125' title='bbox 132 2601 258 2685; x_wconf 82' lang='lat' dir='ltr'>Aprum</span> <span class='ocrx_word' id='word_1_126' title='bbox 282 2605 370 2666; x_wconf 88' lang='lat' dir='ltr'>amat</span> <span class='ocrx_word' id='word_1_127' title='bbox 393 2606 426 2665; x_wconf 91' lang='lat' dir='ltr'>et</span> <span class='ocrx_word' id='word_1_128' title='bbox 448 2601 566 2665; x_wconf 92' lang='lat' dir='ltr'>mullos</span> <span class='ocrx_word' id='word_1_129' title='bbox 586 2604 619 2665; x_wconf 88' lang='lat' dir='ltr'>et</span> <span class='ocrx_word' id='word_1_130' title='bbox 637 2622 749 2665; x_wconf 89' lang='lat' dir='ltr'>sumen</span> <span class='ocrx_word' id='word_1_131' title='bbox 772 2604 805 2664; x_wconf 89' lang='lat' dir='ltr'>et</span> <span class='ocrx_word' id='word_1_132' title='bbox 824 2605 945 2681; x_wconf 84' lang='lat' dir='ltr'>ostrea,</span> <span class='ocrx_word' id='word_1_133' title='bbox 965 2623 1031 2667; x_wconf 87' lang='lat' dir='ltr'>non</span> <span class='ocrx_word' id='word_1_134' title='bbox 1049 2607 1092 2666; x_wconf 89' lang='lat' dir='ltr'>te.</span> 
     </span>
     <span class='ocr_line' id='line_1_25' title="bbox 175 2689 928 2767; baseline -0.001 -12"><span class='ocrx_word' id='word_1_135' title='bbox 175 2689 257 2755; x_wconf 83' lang='lat' dir='ltr'>Tam</span> <span class='ocrx_word' id='word_1_136' title='bbox 278 2691 360 2755; x_wconf 90' lang='lat' dir='ltr'>bene</span> <span class='ocrx_word' id='word_1_137' title='bbox 383 2690 412 2753; x_wconf 89' lang='lat' dir='ltr'>si</span> <span class='ocrx_word' id='word_1_138' title='bbox 435 2711 558 2767; x_wconf 89' lang='lat' dir='ltr'>cenem,</span> <span class='ocrx_word' id='word_1_139' title='bbox 580 2695 691 2754; x_wconf 84' lang='lat' dir='ltr'>noster</span> <span class='ocrx_word' id='word_1_140' title='bbox 714 2689 834 2754; x_wconf 89' lang='lat' dir='ltr'>amicus</span> <span class='ocrx_word' id='word_1_141' title='bbox 859 2691 928 2754; x_wconf 88' lang='lat' dir='ltr'>erit.</span> 
     </span>
    </p>
   </div>
   <div class='ocr_carea' id='block_1_9' title="bbox 556 2819 626 2886">
    <p class='ocr_par' dir='ltr' id='par_1_11' title="bbox 556 2819 626 2886">
     <span class='ocr_line' id='line_1_26' title="bbox 556 2819 626 2886; baseline 0 0"><span class='ocrx_word' id='word_1_142' title='bbox 556 2819 626 2886; x_wconf 91' lang='lat' dir='ltr'>XV.</span> 
     </span>
    </p>
   </div>
   <div class='ocr_carea' id='block_1_10' title="bbox 131 2890 1056 3093">
    <p class='ocr_par' dir='ltr' id='par_1_12' title="bbox 131 2890 1057 3093">
     <span class='ocr_line' id='line_1_27' title="bbox 131 2890 1056 3004; baseline 0 -20"><span class='ocrx_word' id='word_1_143' title='bbox 131 2919 302 3004; x_wconf 88' lang='lat' dir='ltr'>Inscripsit</span> <span class='ocrx_word' id='word_1_144' title='bbox 322 2919 459 2984; x_wconf 70' lang='lat' dir='ltr'>tumulis</span> <span class='ocrx_word' id='word_1_145' title='bbox 483 2924 606 3003; x_wconf 88' lang='lat' dir='ltr'>septem</span> <span class='ocrx_word' id='word_1_146' title='bbox 630 2920 786 2986; x_wconf 88' lang='lat' dir='ltr'>scelerata</span> <span class='ocrx_word' id='word_1_147' title='bbox 808 2919 951 2985; x_wconf 84' lang='lat' dir='ltr'>virorum</span> <span class='ocrx_word' id='word_1_148' title='bbox 1035 2890 1056 2966; x_wconf 67' lang='lat' dir='ltr'><em>s</em></span> 
     </span>
     <span class='ocr_line' id='line_1_28' title="bbox 174 3006 967 3093; baseline 0.003 -21"><span class='ocrx_word' id='word_1_149' title='bbox 174 3006 236 3093; x_wconf 79' lang='lat' dir='ltr'>„Se</span> <span class='ocrx_word' id='word_1_150' title='bbox 259 3006 392 3073; x_wconf 86' lang='lat' dir='ltr'>iecisse“</span> <span class='ocrx_word' id='word_1_151' title='bbox 414 3007 523 3073; x_wconf 89' lang='lat' dir='ltr'>Chloe.</span> <span class='ocrx_word' id='word_1_152' title='bbox 561 3008 645 3085; x_wconf 83' lang='lat' dir='ltr'>Quid</span> <span class='ocrx_word' id='word_1_153' title='bbox 666 3012 743 3092; x_wconf 88' lang='lat' dir='ltr'>pote</span> <span class='ocrx_word' id='word_1_154' title='bbox 767 3008 967 3092; x_wconf 79' lang='lat' dir='ltr'>simplicius?</span> 
     </span>
    </p>
   </div>
   <div class='ocr_carea' id='block_1_11' title="bbox 548 3139 635 3207">
    <p class='ocr_par' dir='ltr' id='par_1_13' title="bbox 548 3139 635 3207">
     <span class='ocr_line' id='line_1_29' title="bbox 548 3139 635 3207; baseline -0.034 0"><span class='ocrx_word' id='word_1_155' title='bbox 548 3139 635 3207; x_wconf 90' lang='lat' dir='ltr'>XVI.</span> 
     </span>
    </p>
   </div>
   <div class='ocr_carea' id='block_1_12' title="bbox 130 3236 1025 3588">
    <p class='ocr_par' dir='ltr' id='par_1_14' title="bbox 133 3236 1025 3412">
     <span class='ocr_line' id='line_1_30' title="bbox 133 3236 1025 3322; baseline 0.001 -20"><span class='ocrx_word' id='word_1_156' title='bbox 133 3236 309 3302; x_wconf 75' lang='lat' dir='ltr'>Consilium</span> <span class='ocrx_word' id='word_1_157' title='bbox 332 3237 469 3320; x_wconf 81' lang='lat' dir='ltr'>formae,</span> <span class='ocrx_word' id='word_1_158' title='bbox 490 3239 671 3321; x_wconf 78' lang='lat' dir='ltr'>speculum,</span> <span class='ocrx_word' id='word_1_159' title='bbox 695 3239 865 3322; x_wconf 90' lang='lat' dir='ltr'>dulcesque</span> <span class='ocrx_word' id='word_1_160' title='bbox 889 3237 1025 3320; x_wconf 76' lang='lat' dir='ltr'>capillos</span> 
     </span>
     <span class='ocr_line' id='line_1_31' title="bbox 175 3326 821 3412; baseline 0 -22"><span class='ocrx_word' id='word_1_161' title='bbox 175 3326 351 3412; x_wconf 84' lang='lat' dir='ltr'>Pergameo</span> <span class='ocrx_word' id='word_1_162' title='bbox 376 3327 484 3410; x_wconf 90' lang='lat' dir='ltr'>posuit</span> <span class='ocrx_word' id='word_1_163' title='bbox 506 3327 591 3391; x_wconf 88' lang='lat' dir='ltr'>dona</span> <span class='ocrx_word' id='word_1_164' title='bbox 614 3331 740 3391; x_wconf 87' lang='lat' dir='ltr'>sacrata</span> <span class='ocrx_word' id='word_1_165' title='bbox 763 3327 821 3391; x_wconf 92' lang='lat' dir='ltr'>deo</span> 
     </span>
    </p>

    <p class='ocr_par' dir='ltr' id='par_1_15' title="bbox 130 3413 906 3588">
     <span class='ocr_line' id='line_1_32' title="bbox 130 3413 880 3500; baseline 0.003 -23"><span class='ocrx_word' id='word_1_166' title='bbox 130 3413 191 3478; x_wconf 92' lang='lat' dir='ltr'>Ille</span> <span class='ocrx_word' id='word_1_167' title='bbox 213 3436 294 3500; x_wconf 90' lang='lat' dir='ltr'>puer</span> <span class='ocrx_word' id='word_1_168' title='bbox 316 3418 387 3479; x_wconf 88' lang='lat' dir='ltr'>tota</span> <span class='ocrx_word' id='word_1_169' title='bbox 410 3413 540 3480; x_wconf 91' lang='lat' dir='ltr'>domino</span> <span class='ocrx_word' id='word_1_170' title='bbox 564 3415 770 3499; x_wconf 85' lang='lat' dir='ltr'>gratissimus</span> <span class='ocrx_word' id='word_1_171' title='bbox 794 3415 880 3496; x_wconf 87' lang='lat' dir='ltr'>aula,</span> 
     </span>
     <span class='ocr_line' id='line_1_33' title="bbox 175 3502 906 3588; baseline -0.001 -20"><span class='ocrx_word' id='word_1_172' title='bbox 175 3502 315 3568; x_wconf 87' lang='lat' dir='ltr'>Nomine</span> <span class='ocrx_word' id='word_1_173' title='bbox 338 3503 393 3587; x_wconf 92' lang='lat' dir='ltr'>qui</span> <span class='ocrx_word' id='word_1_174' title='bbox 416 3505 525 3588; x_wconf 87' lang='lat' dir='ltr'>signat</span> <span class='ocrx_word' id='word_1_175' title='bbox 548 3508 695 3587; x_wconf 86' lang='lat' dir='ltr'>tempora</span> <span class='ocrx_word' id='word_1_176' title='bbox 719 3524 816 3567; x_wconf 87' lang='lat' dir='ltr'>verna</span> <span class='ocrx_word' id='word_1_177' title='bbox 838 3525 906 3568; x_wconf 88' lang='lat' dir='ltr'>suo.</span> 
     </span>
    </p>
   </div>
   <div class='ocr_carea' id='block_1_13' title="bbox 105 3589 927 3766">
    <p class='ocr_par' dir='ltr' id='par_1_16' title="bbox 105 3589 927 3766">
     <span class='ocr_line' id='line_1_34' title="bbox 105 3589 882 3677; baseline 0 -21"><span class='ocrx_word' id='word_1_178' title='bbox 105 3589 235 3675; x_wconf 75' lang='lat' dir='ltr'>oFelix,</span> <span class='ocrx_word' id='word_1_179' title='bbox 259 3613 340 3677; x_wconf 89' lang='lat' dir='ltr'>quae</span> <span class='ocrx_word' id='word_1_180' title='bbox 363 3591 425 3656; x_wconf 85' lang='lat' dir='ltr'>tali</span> <span class='ocrx_word' id='word_1_181' title='bbox 447 3594 597 3656; x_wconf 83' lang='lat' dir='ltr'>censetur</span> <span class='ocrx_word' id='word_1_182' title='bbox 619 3613 750 3655; x_wconf 91' lang='lat' dir='ltr'>munere</span> <span class='ocrx_word' id='word_1_183' title='bbox 773 3592 882 3656; x_wconf 82' lang='lat' dir='ltr'>tellus!</span> 
     </span>
     <span class='ocr_line' id='line_1_35' title="bbox 135 3678 927 3766; baseline -0.003 -20"><span class='ocrx_word' id='word_1_184' title='bbox 135 3750 138 3755; x_wconf 68' lang='grc'><strong>,</strong></span> <span class='ocrx_word' id='word_1_185' title='bbox 175 3678 245 3747; x_wconf 84' lang='lat' dir='ltr'>Neo</span> <span class='ocrx_word' id='word_1_186' title='bbox 267 3679 492 3766; x_wconf 79' lang='lat' dir='ltr'>Ganymedeas</span> <span class='ocrx_word' id='word_1_187' title='bbox 516 3679 631 3747; x_wconf 88' lang='lat' dir='ltr'>mallet</span> <span class='ocrx_word' id='word_1_188' title='bbox 650 3679 778 3748; x_wconf 82' lang='lat' dir='ltr'>hahere</span> <span class='ocrx_word' id='word_1_189' title='bbox 800 3700 927 3747; x_wconf 76' lang='lat' dir='ltr'>comas.</span> 
     </span>
    </p>
   </div>
   <div class='ocr_carea' id='block_1_14' title="bbox 0 0 1208 4132">
    <p class='ocr_par' dir='ltr' id='par_1_17' title="bbox 0 0 1208 4132">
     <span class='ocr_line' id='line_1_36' title="bbox 0 0 1208 4132; baseline 0 0"><span class='ocrx_word' id='word_1_190' title='bbox 0 0 1208 4132; x_wconf 95' lang='lat' dir='ltr'> </span> 
     </span>
    </p>
   </div>
  </div>
 </body>
</html>
