2408 4132
104 471 167 534 126
427 470 464 525 M.
483 471 561 527 VAL.
580 471 773 527 MARTIALIS

104 649 135 698 15
146 633 249 698 Lento
273 637 441 699 castaneae
463 656 580 717 vapore
603 636 721 698 tostae:

145 721 265 786 Vinum
288 726 324 786 tu
347 722 444 788 facies
468 724 587 787 bonum
609 722 758 786 bibendo.

145 809 225 874 Post
247 809 326 874 haec
350 812 459 875 omnia
481 811 564 875 forte
588 810 615 874 si
638 811 781 874 movebit

145 897 287 962 Bacchus
312 920 408 982 quam
431 899 514 962 solet
537 899 758 979 esuritionem,

146 983 335 1051 Succurrent
356 987 417 1049 tibi
439 986 566 1050 nobiles
590 987 706 1068 olivae,

102 1089 135 1137 20
145 1073 253 1138 Piceni
276 1073 370 1139 modo
394 1096 474 1157 quas
497 1073 600 1137 tulere
622 1076 718 1157 rami,

144 1162 189 1225 nt
211 1161 338 1226 fervens
362 1161 445 1227 cicer
467 1167 500 1226 ct
521 1166 633 1245 tepens
656 1163 794 1245 lupinus.

144 1249 249 1314 Parva
271 1254 321 1313 est
342 1251 456 1314 cenula
477 1287 513 1295 —
535 1251 606 1333 quis
629 1254 737 1333 potest
759 1250 899 1335 negare?
920 1287 971 1333 -,

146 1336 210 1401 Sed
231 1338 333 1422 finges
356 1337 438 1402 nihil
461 1338 610 1402 audiesve
633 1338 744 1402 fictum

145 1426 190 1489 Et
212 1426 303 1490 vultu
323 1426 469 1508 placidus
492 1430 549 1490 tuo
572 1427 750 1508 recumbes3

102 1512 213 1577 25Nec
236 1534 378 1578 crassum
402 1515 549 1579 dominus
572 1515 659 1598 leget
681 1514 844 1598 volumen,

145 1600 212 1665 Nec
236 1601 275 1665 de
298 1601 441 1666 Gadibus
464 1602 621 1684 improbis
644 1603 769 1685 puellae

146 1689 331 1754 Vibrabunt
354 1691 422 1753 sine
445 1690 508 1754 fine
531 1691 713 1772 prurientes

145 1776 298 1842 Lascivos
322 1778 416 1842 docili
439 1782 578 1842 tremore
600 1776 740 1860 lumbos3

146 1864 208 1944 Sed
231 1865 314 1947 quod
337 1888 401 1930 non
424 1887 523 1950 grave
547 1865 589 1928 sit
610 1886 668 1928 nec
690 1865 877 1951 infacetum,

101 1970 135 2018 30
145 1952 241 2016 Parvi
263 1953 345 2016 tibia
365 1952 500 2037 Condyli
517 1953 654 2018 sonabit.

145 2039 233 2104 Haec
257 2043 307 2104 est
329 2042 450 2106 cenula.
486 2040 653 2106 Claudiam
677 2042 832 2124 sequeris,

146 2127 249 2203 Quam
271 2129 366 2193 nobis
390 2130 477 2214 cupis
500 2151 570 2194 esse
593 2134 630 2193 tu
651 2131 800 2212 priorem.

528 2261 674 2326 LXXIX.

143 2349 300 2415 Undecies
325 2373 387 2414 una
410 2351 561 2434 sarmati,
585 2349 687 2434 Zoile,
710 2371 802 2432 cena,

187 2439 233 2502 Et
255 2443 380 2502 mutata
402 2438 464 2502 tibi
486 2442 535 2502 est
558 2438 720 2521 synthesis
744 2437 905 2516 undecies,

146 2525 249 2591 Sudor
271 2526 451 2590 inhaereret
474 2525 604 2590 madida
625 2548 665 2590 ne
688 2529 776 2590 veste
799 2530 944 2591 retentus

187 2614 233 2677 Et
255 2613 361 2677 laxam
384 2614 490 2677 tenuis
514 2614 656 2677 laederet
678 2635 756 2676 aura
779 2618 894 2679 cutem.

119 2701 250 2776 sQuare
272 2722 332 2786 ego
355 2723 421 2765 non
445 2701 537 2783 sudo,
561 2702 615 2784 qui
637 2704 756 2774 tecum,
779 2700 881 2787 Zeila,
903 2705 1007 2770 ceno?

188 2788 303 2871 Frigus
328 2789 412 2851 enim
435 2809 588 2872 magnum
612 2788 775 2870 synthesis
799 2812 864 2854 una
885 2789 973 2857 facit.
1058 2860 1061 2864 ,

538 2918 664 2984 LXXX.

91 3026 95 3033 ⁴
145 3007 178 3072 N
180 3030 221 3071 on
243 3011 348 3071 totam
371 3006 464 3089 mihi,
486 3007 515 3069 si
537 3008 681 3090 vacabis,
704 3008 831 3090 horam,

144 3094 254 3159 Dones
278 3098 311 3158 et
332 3094 408 3158 licet
429 3095 581 3178 imputes,
605 3094 732 3178 Severe,

144 3182 231 3246 Dum
253 3185 380 3246 nostras
403 3183 484 3265 legis
508 3182 670 3267 exigisque
692 3205 804 3269 nugas,

145 3270 288 3351 „Durum
311 3274 360 3334 est
382 3270 513 3354 perdere
535 3269 663 3334 ferias“:
686 3293 852 3357 rogamus,

120 3358 307 3422 blacturam
329 3358 463 3441 patiaris
486 3358 570 3422 hanc
593 3360 748 3443 ferasque.

146 3445 238 3521 Quod
262 3446 289 3510 si
312 3447 428 3530 legeris
451 3447 521 3528 ipse
544 3468 616 3510 cum
639 3447 758 3511 diserto

145 3569 189 3580 -
208 3532 269 3598 Sed
290 3533 444 3618 numquid
468 3556 577 3598 sumus
600 3536 760 3618 improbi?
781 3573 819 3582 -
840 3534 1001 3624 Secundo,

145 3622 223 3686 Plus
246 3622 348 3686 multo
371 3621 432 3685 tibi
455 3621 620 3686 debiturus
643 3622 696 3688 hic
718 3625 780 3706 est,

146 3709 368 3786 Quamdebet
391 3708 519 3773 domino
544 3731 614 3793 sno,
637 3711 774 3775 libellus

86 3795 222 3863 roNam
247 3820 383 3866 securus
408 3798 485 3880 crit,
507 3819 567 3866 nec
589 3799 736 3886 inquieta
