2408 4132
19 35 1150 240 ‘'W--
1190 36 1192 38 ·

325 477 620 535 EPIGRAMMATON
636 479 703 534 LIB.
721 480 793 537 XIII.
996 480 1060 545 319

415 638 496 706 CXI.
519 641 699 706 Falernum.

99 734 148 798 De
173 733 376 801 Sinuessanis
399 742 557 803 venerunt
578 736 718 804 Massiua
740 738 854 824 prelis:

144 821 283 889 Condita
305 846 369 909 quo
393 825 522 909 quaeris
545 827 697 892 consule?
733 825 852 893 Nullus
875 830 955 892 erat.

420 963 518 1031 cxll.
541 965 691 1035 Setinum.

98 1058 244 1124 Pendula
265 1060 458 1146 Pomptinos
482 1085 564 1146 quae
587 1067 714 1148 spectat
737 1060 826 1131 Setia
848 1086 994 1149 campos,

142 1147 270 1233 Exigua
292 1151 419 1215 vetulos
443 1151 534 1215 misit
556 1153 597 1216 ab
620 1153 700 1217 urbo
723 1154 828 1219 cados.

389 1289 504 1357 ΟΧΙΠ.
526 1293 728 1359 Fundanum.

97 1385 187 1451 Haeo
209 1385 365 1452 Fundana
386 1388 464 1453 tulit
486 1388 564 1453 felix
587 1395 759 1455 autumnus
783 1389 889 1473 Opimi

141 1475 313 1560 Expressit
335 1480 476 1541 mustum
500 1479 612 1542 consul
636 1483 670 1544 et
691 1479 760 1562 ipse
783 1478 876 1543 bibit

388 1616 501 1684 CXIV.
526 1619 723 1700 Trifolinum.

97 1711 173 1777 Non
196 1735 268 1778 sum
292 1714 330 1779 de
352 1714 472 1799 primo,
494 1715 612 1797 fateor,
631 1715 790 1781 Trifolina
811 1716 931 1803 Lyaeo,

141 1801 232 1866 Inter
254 1802 331 1871 uina
352 1806 464 1868 tamen
486 1806 626 1888 septima
649 1804 725 1870 vItis
748 1825 833 1869 ero.-

405 1943 503 2011 OXV.
525 1943 702 2011 omium.

96 2047 244 2113 Caecuba
265 2047 429 2113 Fundanis
453 2070 611 2135 generosa
634 2054 789 2114 cocuntur
810 2050 970 2135 Amyclis,

140 2136 228 2201 Vitis
251 2141 284 2201 et
307 2138 341 2201 iu
365 2137 471 2201 media
492 2142 572 2202 nata
594 2138 711 2223 palude
733 2139 825 2204 viret

401 2276 514 2343 cXVI.
537 2277 713 2360 Siyoioum.

95 2382 230 2448 Potabis
253 2380 414 2465 liquidum
437 2380 573 2466 Signina
595 2382 757 2447 morantia
778 2384 945 2447 ventrem?

31 2525 32 2528 ,
140 2470 190 2535 Ne
213 2471 349 2535 nimium
374 2470 505 2554 sistant,
528 2471 572 2536 sit
593 2470 655 2535 tibi
677 2492 776 2555 parua
799 2471 881 2535 sitis.

365 2609 494 2677 cxvss.
516 2612 750 2677 Mamertinum.

94 2718 263 2802 Amphora
284 2716 446 2783 Nestorea
467 2717 530 2782 tibi
551 2717 746 2783 Mamertina
769 2720 898 2783 senecta

140 2805 175 2872 Si
198 2805 303 2892 detur,
326 2806 461 2893 quodvis
484 2828 603 2872 nomen
624 2807 744 2872 habere
766 2810 884 2891 potest.

349 2945 494 3013 CXVIII.
519 2949 756 3014 Tarraconense.

94 3055 247 3138 Tarraco,
271 3051 436 3137 Campano
459 3058 588 3119 tantum
612 3076 742 3119 cessura
763 3053 887 3138 Lyaeo,

137 3141 228 3208 Haeo
250 3143 364 3227 genuit
386 3141 498 3208 Tuscis
522 3143 650 3207 aemula
672 3143 748 3208 vina
771 3143 868 3206 cadis.

367 3281 480 3348 CXIX.
503 3283 741 3349 Nomentanum.

93 3390 300 3455 Nomentana
322 3410 429 3453 meum
453 3389 515 3454 tibi
538 3390 594 3454 dat
615 3387 777 3454 vindemia
798 3386 974 3453 Bacchum:

138 3477 174 3547 Si
196 3483 229 3542 te
254 3477 391 3552 Quintus
416 3485 517 3562 amat,
540 3478 760 3542 commodiora
781 3475 883 3541 bibes.

394 3615 489 3683 CXX.
513 3617 711 3701 Spoletinum.

93 3724 141 3788 De
164 3723 340 3807 Spoletinis
365 3746 447 3808 quaa
470 3728 547 3789 sunt
570 3724 694 3789 cariosa
715 3722 843 3808 lagonis

136 3811 300 3897 Malueris,
325 3835 421 3898 quam
446 3812 475 3878 si
497 3817 610 3880 musta
631 3813 782 3880 dalaima
793 3811 915 3877 ninas.
