2408 4132
144 437 207 502 178
473 433 510 487 n.
529 431 609 487 vet.
627 430 824 485 urauffls

617 592 673 657 IX.

189 694 319 760 Solvere
342 692 531 758 dodrantem
552 713 656 775 nuper
678 690 755 773 tibi,
778 688 907 769 Quinte,
931 688 1063 753 volebat

230 782 353 866 Lippus
375 780 496 881 Hylas,
515 781 624 844 luscus
647 779 718 842 vult
741 740 817 842 dare
842 776 1018 840 dimidium.

186 871 307 956 Accipe
330 892 426 955 quam
446 869 601 952 primum3
623 867 731 931 brevis
755 869 806 930 est
829 865 954 930 occasio
977 864 1072 930 lucri·

231 895 287 1024 Sip
287 959 386 1023 fuerit
408 978 534 1040 caecus,
557 956 604 1020 nil
627 955 689 1020 tibi
712 953 818 1019 solvet
838 953 953 1037 Hylas.

627 1103 665 1169 Χ.

108 1209 135 1273 Χ
186 1203 277 1268 Emit
299 1204 443 1268 lacernas
467 1201 599 1266 milibus
623 1202 731 1265 decem
754 1199 877 1264 Bassus

187 1293 302 1377 Tyrias
327 1292 442 1356 coloris
466 1295 524 1375 opt
525 1291 591 1354 imi.
627 1288 808 1356 Luerifecit.

186 1381 295 1464 „Adeo
319 1382 400 1444 bene
423 1377 573 1494 emit'?“'
564 1379 681 1462 mquis
716 1376 821 1441 Immo
843 1398 910 1441 non
933 1377 1047 1442 solvet.

617 1526 673 1591 XI.

186 1625 375 1690 Pervenisse
397 1625 520 1688 tuam
511 1647 576 1688 lam
598 1632 633 1689 te
655 1624 717 1688 scit
739 1623 903 1688 Rhenus
893 1645 928 1689 m
949 1625 1078 1710 urbem3

231 1713 318 1778 Nam
340 1713 453 1799 populi
475 1734 568 1777 voces
592 1711 683 1777 audit
705 1715 738 1776 et
760 1712 817 1776 ille
838 1713 902 1777 tui:

187 1801 383 1867 Sarmaticas
406 1800 505 1865 etiam
528 1803 641 1886 gentes
663 1800 877 1885 Histrumque
900 1799 1061 1886 Getasque

231 1889 389 1954 Laetitiae
412 1890 535 1953 clamor
558 1888 675 1953 terruit
697 1889 766 1972 ipse
788 1910 901 1954 novae.

161 1979 275 2044 tDum
296 1982 329 2042 te
352 1979 452 2062 longa
475 1998 567 2041 sacro
590 1981 785 2042 venerantur
807 1977 926 2062 gaudia
947 1976 1055 2062 Circo,

230 2065 336 2131 Nemo
360 2069 473 2150 quater
494 2066 613 2130 missos
635 2087 764 2130 currere
787 2067 889 2130 sensit
911 2087 1020 2151 equos.

186 2153 323 2219 Nullum
345 2153 449 2218 Roma
473 2153 598 2238 ducem,
619 2176 679 2219 nec
701 2158 734 2219 te
758 2154 817 2238 sic,
835 2151 967 2238 Caesar,
990 2155 1126 2221 amavit:

231 2243 277 2309 Te
301 2264 427 2328 quoque
450 2243 516 2306 iam
538 2264 605 2308 non
626 2242 714 2326 plus,
736 2246 774 2306 ut
796 2242 875 2306 velit
897 2244 981 2327 ipsa,
1003 2247 1125 2329 potest.

504 2427 507 2434 ·
610 2391 681 2457 XII.

77 2550 96 2583 x
186 2489 328 2555 Uxorem
348 2511 447 2573 quare
469 2489 662 2573 locupletem
685 2489 798 2554 ducere
820 2489 937 2572 nolim,

232 2578 416 2653 Quaeritis?
453 2577 554 2642 Uxori
576 2578 697 2642 nubere
719 2578 796 2642 nolo
820 2599 920 2642 meae.
982 2605 984 2609 ⁴

187 2666 325 2731 Inferior
347 2670 496 2730 matrona
520 2687 578 2729 suo
602 2666 659 2750 sit,
681 2665 803 2750 Prisce,
826 2667 958 2731 marito:

231 2753 307 2818 Non
331 2755 424 2817 aliter
446 2754 530 2817 fiunt
550 2753 672 2817 femina
694 2755 806 2838 virque
828 2775 932 2837 pares.

601 2901 689 2965 Xlll.

187 2998 292 3064 Morio
311 2997 415 3062 dictus
439 3001 523 3060 erat:
547 2997 665 3083 viginti
687 2998 819 3064 milibus
843 3000 914 3064 emi.

232 3085 342 3151 Redde
364 3084 447 3150 mihi
467 3106 632 3169 nummos,
655 3084 856 3172 Gargiliane:
880 3087 976 3171 sapit.

605 3225 692 3292 XIV.

187 3323 315 3388 Pallida
337 3345 377 3388 ne
401 3320 539 3388 Cilicum
561 3324 700 3389 timeant
722 3325 871 3410 pomaria
894 3325 1042 3390 brumam

231 3411 380 3476 Mordeat
402 3415 435 3476 et
456 3414 605 3476 tenerum
626 3412 744 3477 fortior
768 3435 846 3478 aura
867 3435 996 3498 nemus,

187 3499 340 3565 Hibernis
364 3500 492 3569 obiecta
513 3504 571 3565 not
558 3500 600 3565 tis
624 3501 804 3602 specularia
826 3524 925 3585 puros

232 3590 419 3653 Admittunt
442 3590 526 3654 soles
550 3592 582 3653 et
606 3588 675 3653 sine
697 3589 786 3654 faece
810 3589 903 3654 diem.

161 3679 234 3743 oAt
255 3676 337 3741 mihi
359 3677 440 3741 cella
464 3678 573 3761 datur,
594 3700 661 3742 non
683 3681 755 3743 tota
778 3677 867 3743 clusa
889 3678 1046 3762 fenestra,

219 3765 260 3830 Iu
286 3787 351 3904 qua
373 3788 434 3832 nec
458 3729 612 3834 Boreas
602 3788 672 3854 ipse
695 3765 978 3888 mmmmm
