2408 4132
377 478 670 538 EPIGRAMMATON
689 484 755 540 LIB.
774 485 820 543 IX.
1035 489 1099 554 213

555 643 640 710 LVI.

142 727 391 814 Spendophorus
414 730 552 816 Libycas
576 732 696 798 domini
718 735 802 818 petit
825 737 967 824 armiger
988 739 1098 804 urbes:

186 817 274 894 Quae
297 840 396 903 puero
420 821 519 884 dones
542 821 622 905 tela,
645 820 783 907 Cupido,
806 846 897 909 para,

140 905 203 969 Illa
227 907 344 990 quibus
367 909 499 973 iuvenes
522 909 597 995 figis
621 910 798 995 mollesque
821 913 960 995 puellas:

184 993 233 1058 Sit
255 998 365 1059 tamen
387 996 421 1059 in
444 1002 556 1062 tenera
578 998 659 1062 levis
682 1002 714 1062 et
737 998 831 1064 hasta
854 1023 960 1065 manu.

114 1082 288 1147 aLoricam
310 1085 520 1168 clypeumque
542 1085 604 1150 tibi
627 1087 817 1172 galeamque
839 1091 984 1174 remitt03

184 1170 287 1235 Tutus
311 1176 348 1251 ut
370 1173 503 1237 invadat
525 1173 661 1258 proelia,
683 1175 787 1240 nudus
810 1180 876 1240 eat:

139 1257 214 1323 Non
236 1260 354 1343 iaculo,
375 1282 442 1325 non
465 1283 540 1326 ense
561 1261 626 1326 fuit
648 1262 792 1328 laesusve
816 1264 951 1348 sagitta,

183 1345 314 1412 Casside
338 1347 413 1412 dum
435 1349 519 1414 liber
541 1349 802 1436 Parthenopaeus
825 1356 903 1417 erat.

139 1433 289 1520 Quisquis
312 1437 352 1500 ab
376 1436 437 1502 hoc
459 1437 557 1502 fuerit
578 1439 674 1521 fixus,
697 1441 853 1504 morietur
876 1463 994 1506 amore.

98 1540 128 1586 10
182 1523 208 1588 0
231 1524 322 1608 felix,
345 1526 373 1588 si
397 1547 489 1609 quem
514 1530 583 1590 tam
605 1527 692 1591 bona
713 1527 783 1591 fata
805 1531 949 1593 manent!

137 1610 223 1675 Dum
245 1634 326 1696 puer
348 1634 395 1697 ee,
419 1613 542 1696 redeas,
566 1615 641 1679 dum
664 1615 757 1679 vultu
778 1616 934 1700 lubricus,
956 1622 989 1681 et
1011 1622 1044 1682 te

180 1698 256 1764 Non
278 1699 380 1786 Libye
401 1701 515 1787 faciat,
538 1703 594 1767 sed
615 1708 672 1767 tua
693 1703 798 1768 Roma
819 1704 933 1769 virum.

457 1837 460 1842 ’
545 1833 644 1899 LVII.

137 1921 193 1986 Nil
217 1926 268 1986 est
290 1921 400 1986 tritius
422 1921 542 2007 Hedyli
564 1924 716 1989 lacernis:

136 2008 212 2074 Non
235 2027 331 2074 ansae
354 2015 499 2075 veterum
523 2009 776 2094 Corinthiorum,

136 2098 204 2162 Nec
227 2120 297 2162 orus
321 2099 472 2183 compede
495 2099 652 2163 lubricum
675 2101 821 2184 decenni,

136 2186 204 2251 Nec
226 2191 340 2270 ruptae
362 2187 500 2251 recutita
523 2187 608 2251 colla
630 2190 747 2269 mulae,

110 2273 204 2339 5Nec
227 2296 309 2358 quae
331 2274 524 2339 Flaminiam
548 2280 659 2339 secant
682 2276 840 2359 salebrae,

135 2362 203 2427 Nec
226 2363 281 2445 qui
303 2363 454 2427 litoribus
476 2363 583 2427 nitent
604 2363 721 2447 lapilli,

134 2451 202 2516 Nec
225 2450 329 2516 Tusca
351 2451 419 2536 ligo
442 2451 535 2515 vinea
559 2451 694 2534 politae,

136 2539 202 2604 Neo
224 2539 350 2623 pallens
373 2542 453 2625 toga
475 2539 596 2604 mortui
618 2539 763 2622 tribulis,

134 2627 203 2693 Nec
224 2628 311 2713 pigri
333 2632 406 2692 rota
428 2649 546 2711 quassa
568 2628 731 2704 mulionis,

94 2733 125 2780 10
134 2715 202 2781 Nec
224 2738 334 2781 rasum
357 2737 454 2781 cavea
475 2716 569 2780 latua·
583 2716 736 2799 bisontis,

134 2804 202 2869 Nec
224 2805 302 2868 dens
325 2804 390 2868 iarn
414 2805 521 2868 senior
542 2804 659 2879 ferocis
682 2803 762 2888 apri.

133 2893 197 2957 Res
219 2915 284 2957 una
306 2897 356 2956 est
378 2896 501 2957 tamen:
523 2894 592 2977 ipse
614 2915 679 2957 non
701 2891 848 2978 negabit,

135 2979 234 3047 Culus
256 2980 366 3045 tritior
386 2980 506 3066 Hedyli
529 2983 675 3046 lacernis.

533 3111 652 3178 LVIII.

134 3201 286 3287 Nympha
308 3203 391 3268 sacri
414 3202 527 3288 regina
549 3203 652 3284 lacus,
676 3203 726 3266 oui
750 3207 845 3287 grata
867 3200 1006 3267 Sabrnus
1085 3201 1087 3205 ’

176 3291 221 3356 Et
244 3313 396 3356 mansura
418 3292 473 3374 pio
496 3311 628 3354 munere
650 3292 774 3374 templa
797 3290 897 3373 dedit,

134 3377 185 3443 Sic
207 3385 362 3445 montana
383 3383 458 3444 tuos
481 3400 608 3462 semper
630 3379 716 3443 colat
738 3378 875 3443 Umbria
896 3379 1017 3462 fontes,

158 3467 243 3548 ,Nec
265 3472 324 3532 tua
345 3467 485 3532 Baianas
509 3465 639 3530 Sassina
662 3465 756 3530 malit
778 3488 890 3550 aquas:

106 3555 254 3642 olixoipe
277 3556 435 3621 sollicitos
458 3554 596 3639 placide,
619 3576 691 3618 mea
715 3554 812 3635 dona,
835 3554 977 3639 libellos;

166 3645 224 3717 ¹Tu
246 3644 346 3709 fueris
369 3643 470 3708 Musis
492 3642 626 3728 Pegasis
649 3642 735 3706 unda
758 3642 848 3706 meis.
869 3677 906 3687 -

130 3733 375 3819 „Nympharum
398 3732 527 3815 templis
551 3730 695 3814 quisquis
723 3751 781 3794 sua
808 3729 950 3794 carmina
978 3730 1093 3811 donat,

175 3822 256 3895 Quid
277 3822 350 3886 fieri
373 3819 468 3886 libris
492 3819 624 3905 debeat,
645 3818 721 3906 ipse
741 3817 882 3885 monath
