2408 4132
93 468 157 533 134
416 467 453 522 M.
472 467 554 522 vnn,
573 465 770 521 MARTIALIS

134 630 269 695 Munera
292 652 364 695 cum
387 634 499 715 posset
520 629 664 693 nondum
687 630 806 693 sentire
828 629 974 713 patroni,

180 717 315 783 Glaucia
337 719 473 783 libertus
496 718 562 782 iam
584 717 729 781 Melioris
753 720 832 781 erat

109 807 281 871 oMoribus
304 808 367 871 hoc
389 806 576 890 formaeque
599 806 724 870 datum:
748 805 819 889 quis
841 805 995 871 blandior
1019 808 1107 877 illo?

178 897 246 960 Aut
269 896 339 980 quis
363 895 537 979 Apollineo
560 894 725 976 pulchrior
747 915 802 958 ore
824 892 908 958 fuit?

133 982 307 1048 Inmodicis
330 983 439 1048 brevis
463 986 514 1047 est
535 987 626 1046 aetas
649 985 683 1046 et
704 1004 780 1046 rara
802 985 959 1046 senectus.

178 1071 340 1155 Quidquid
363 1093 466 1152 amas,
489 1071 599 1153 cupias
622 1093 689 1135 non
710 1070 870 1154 placuisse
891 1070 1001 1136 nimis.

543 1227 642 1293 XXX.

135 1335 197 1401 Sex
219 1335 369 1401 sestertia
391 1336 419 1400 si
443 1335 555 1399 statim
578 1334 733 1414 dedisses,

135 1423 217 1489 Oum
241 1425 321 1489 dixti
344 1423 424 1487 mihi
446 1422 574 1508 „Sume,
597 1423 689 1505 tolle,
713 1423 825 1505 d0n0“‚

133 1514 292 1578 Deberem
314 1512 389 1596 tibi,
411 1512 522 1593 Paete,
544 1535 603 1596 pro
627 1512 781 1576 ducentis.

133 1601 180 1666 At
202 1623 286 1665 nunc
309 1622 381 1665 curn
404 1600 528 1664 dederis
552 1600 607 1664 diu
629 1605 787 1684 moratus,

109 1688 213 1753 oPost
237 1693 375 1771 septem,
397 1692 490 1772 puto,
513 1688 565 1752 vel
588 1709 704 1752 novem
727 1687 904 1771 Kalendae,

134 1776 192 1840 Vis
217 1777 321 1841 dicam
344 1776 406 1840 tibi
429 1776 555 1839 veriora
577 1777 684 1840 veris?

135 1863 197 1930 Sex
221 1864 384 1948 sestertia,
407 1864 520 1948 Paete,
543 1863 720 1947 perdidisti.

533 2021 649 2086 XXXI.

138 2128 290 2211 Uxorem,
315 2125 518 2212 Oharideme,
540 2131 632 2193 tuam
655 2127 717 2192 scis
739 2127 810 2212 ipse
834 2125 977 2210 sinisque

178 2218 208 2282 A
232 2216 356 2281 medico
379 2215 478 2281 futui:
501 2217 550 2282 vis
573 2215 641 2282 sine
663 2216 754 2281 febre
776 2216 867 2280 mori.

525 2374 658 2440 XXXII.

133 2482 216 2548 Oum
240 2483 403 2547 dubitaret
426 2481 528 2546 adhuc
552 2481 628 2545 belli
651 2480 756 2546 civilis
778 2478 872 2563 Enyo

178 2571 329 2636 Forsitan
352 2575 385 2634 et
408 2573 517 2652 posset
539 2569 667 2634 vincere
690 2568 798 2632 mollis
822 2566 921 2653 Otho,

133 2659 310 2723 Damnavit
332 2658 435 2722 multo
459 2660 621 2722 staturum
645 2658 800 2741 sanguine
823 2655 961 2722 Martem

177 2746 223 2809 Et
245 2745 327 2810 fodit
351 2749 439 2810 certa
461 2750 593 2829 pectora
615 2749 687 2811 tota
709 2768 815 2810 manu.

108 2831 184 2898 nsit
207 2831 301 2916 Oato,
325 2833 401 2896 dum
424 2833 518 2915 vivit,
542 2855 618 2897 sane
640 2834 694 2898 vel
717 2833 854 2898 anrare
878 2833 993 2899 maior:
1056 2915 1058 2919 y

177 2920 262 2984 Dum
285 2921 436 3005 moritur,
459 2921 615 3004 numquid
637 2921 740 2986 maior
764 2921 891 2987 Othone
913 2921 999 2988 fuit?

515 3079 666 3144 XXXIII.

132 3185 189 3252 Nil
213 3185 444 3269 miserabilius,
466 3184 594 3270 Matho,
616 3187 790 3272 paedicone
814 3186 944 3253 Sabello

176 3273 312 3357 Vidisti,
335 3295 398 3357 quo
421 3273 469 3336 nil
492 3275 609 3339 laetius
633 3280 708 3340 ante
730 3277 802 3341 fuit.

132 3363 242 3443 Furta,
265 3362 375 3447 fugae,
398 3365 519 3427 mortes
544 3385 723 3443 servorum,
745 3364 906 3448 incendia,
928 3366 1037 3432 luctus

176 3449 338 3536 Affligunt
360 3450 539 3534 hominem,
562 3453 628 3516 iam
650 3455 748 3518 miser
770 3457 804 3518 et
825 3453 934 3518 futuit.

547 3609 623 3674 XXI
656 3660 664 3676 .

8 3808 11 3813 Ι
127 3714 231 3781 Basia
249 3715 416 3802 danobis,
434 3609 654 3802 Diadimenei
665 3732 786 3821 pressa.
813 3718 959 3803 „Quot‘d
976 3720 1097 3806 inquis.

165 3801 291 3871 Oceani
312 3805 434 3874 fluctus
458 3829 511 3875 me
533 3806 822 3880 numbers
