2408 4132
537 240 541 269 ι
561 158 662 269 elidii
731 197 743 205 ”

379 270 674 384 EPlGRAMMATON
692 257 805 384 ΙΒΒΒΟΒ,

98 489 239 556 abed
214 514 323 557 s1nec
345 490 437 556 focus
462 496 593 557 estnec
616 493 694 556 nudi
718 331 860 577 ἕο
778 516 842 559 na
835 439 1097 593 {ribah

171 579 240 645 Neo
263 584 335 644 curt
336 603 372 645 us
321 580 537 646 tChiones
560 580 761 665 Antiopesve
785 583 883 668 calix,
1052 589 1055 593 ’

128 667 279 732 (lerea
253 669 437 751 s1pendet
447 668 567 733 lumbis
591 673 624 732 et
647 670 770 754 scripta
792 670 922 736 lacerna

170 756 394 857 Dimidiasque
417 760 509 820 nates
534 755 661 821 Gallica
683 759 817 822 bracat
803 761 900 845 tegit,

126 843 329 909 Pascerist
296 848 329 909 et
351 845 466 929 nigrae
490 845 559 909 solo
582 846 694 910 nidore
717 848 843 911 culinae

82 949 121 997 ιο
171 930 215 996 ΕΒ
237 932 323 997 bibis
346 933 544 996 immundam
567 955 640 998 curn
663 955 741 998 cane
764 957 885 1036 pronus
908 957 1040 1019 aquam:

121 1019 457 1105 Nonculum-neque
465 1043 550 1085 emm
558 1023 704 1086 estoulus
706 1045 775 1106 qur
786 1026 951 1088 noncaca
937 1023 1084 1087 tolim—

172 1107 234 1174 Sed
256 1108 379 1174 fodiam
403 1109 505 1194 digito
525 1110 580 1195 qui
604 1115 752 1192 superest
774 1112 916 1175 oculum:

126 1196 196 1261 Nec
219 1219 270 1261 me
293 1198 477 1281 zelotypum
501 1219 560 1261 nec
583 1197 702 1263 dixeris
726 1221 795 1264 esse
818 1199 1007 1285 malignum.

170 1285 323 1456 Denique
338 1285 484 1389 paedrca
507 1284 724 1396 Memmiana,
747 1291 846 1368 satur.

456 1413 708 1483 taxum
688 1401 857 1482 <l

125 1466 277 1580 Fabricio
298 1515 426 1580 1unotus
438 1425 513 1579 lido
536 1515 710 1599 requiescit
733 1416 917 1599 Aquinus,

171 1602 233 1678 Qui
255 1604 345 1687 prior
367 1603 501 1686 Elysias
525 1602 646 1689 gaudet
669 1604 774 1668 adisse
798 1605 920 1669 domos.

126 1691 195 1755 Ara
218 1691 336 1774 duplex
357 1691 456 1774 primi
479 1694 565 1755 testa
566 1695 621 1756 tur
643 1714 777 1756 munera
799 1692 870 1775 pili:

169 1779 248 1844 Plus
271 1783 382 1844 tamen
404 1782 468 1861 est,
490 1780 588 1847 titulo
613 1781 697 1864 quod
720 1780 866 1845 breviore
888 1781 985 1867 legis:

99 1868 255 1936 §Iunctus
276 1873 400 1949 uterquc
420 1887 507 1932 sucro
530 1869 675 1932 bodalca
627 1869 813 1948 tfocdere
834 1868 926 1952 atae,

169 1956 383 2167 Farauguc
351 1957 432 2059 quod
451 1976 526 2020 roro
548 1958 646 2039 accit,
669 1958 787 2024 amicis
810 1961 885 2021 crat.

305 2104 489 2178 alc
529 2094 701 2160 xclvm‘
697 2024 926 2154 55
915 2083 950 2143 ’3

125 2149 278 2268 Cantasti
301 2203 402 2286 male,
425 2116 499 2267 duda
523 2201 610 2266 futut
560 2205 632 2266 tuta
654 2224 688 2267 es
694 2202 836 2287 ,.Aegle

126 2290 197 2356 Iam
218 2293 330 2355 cantas
353 2293 447 2376 bene,
467 2290 542 2393 basi
674 2311 783 2356 ones.

537 2430 634 2497 XCV·
697 2398 817 2528 ἶ)

125 2538 221 2614 Quod
234 2537 355 2602 clamas
369 2526 510 2622 semper,
564 2536 588 2550 ““
612 2546 634 2553 ”
654 2542 663 2546 ”
702 2523 796 2601 'tibus
812 2536 987 2620 obstrepis,
1002 2536 1088 2618 Aeli,

169 2624 246 2690 Non
267 2625 347 2691 facis
370 2626 432 2691 hoc
456 2629 574 2710 gratis:
597 2626 729 2710 accipis,
752 2628 790 2689 ut
811 2628 930 2690 taceae.

528 2765 641 2832 XCVI.

127 2871 163 2937 Si
185 2894 251 2936 non
274 2874 449 2937 molestum
471 2877 522 2938 est
544 2877 639 2957 teque
662 2896 728 2937 non
750 2873 853 2958 piget,
878 2893 1008 2955 scazon,

126 2959 249 3026 Nostro
272 2982 426 3046 rogamus
450 2983 553 3045 pauca
574 2962 675 3026 verba
698 2961 848 3025 Materno

125 3048 223 3114 Dicas
246 3049 281 3112 in
305 3071 416 3113 aurem
435 3049 481 3113 sic
504 3054 541 3114 ut
564 3049 674 3113 audiat
697 3051 796 3114 solus.

125 3136 264 3201 Amator
286 3137 344 3201 ille
367 3137 512 3202 tristium
534 3139 737 3202 lacernarum

96 3225 170 3290 rut
192 3225 372 3289 baeticatus
395 3229 492 3310 atque
515 3226 779 3309 leucophaeatus,

127 3313 190 3389 Qui
213 3313 393 3379 coccinatos
416 3335 482 3377 non
504 3317 599 3399 putat
623 3314 710 3379 viros
734 3336 803 3378 esse

125 3402 433 3486 Amethystinasque
456 3403 628 3467 mulierum
650 3406 744 3467 vocat
766 3406 887 3484 vestes,

125 3489 248 3554 Nativa
271 3490 395 3573 laudet,
418 3491 538 3554 habeat
561 3494 594 3554 et
616 3490 694 3554 licet
718 3512 843 3573 semper

124 3577 245 3643 Fuscos
269 3579 407 3662 coloreS,
430 3578 580 3664 galbinos
603 3580 704 3643 habet
727 3599 842 3641 mores.

81 3683 114 3731 ιο
125 3665 282 3752 Rogabit,
306 3666 390 3731 unde
413 3667 559 3755 suspicer
580 3666 694 3737 uirum
713 3666 867 3750 mollem.

119 3779 200 3818 Maur.
945 3774 969 3820 ’t

342 3974 359 3996 „
442 3952 463 3986 1

1107 3704 1160 3791 ᾗ]
