2408 4132
357 361 653 418 arrcanunnron
671 362 737 418 nra.
757 363 791 418 11.
1035 359 1078 426 53

121 526 223 603 Quem
246 546 311 589 non
335 525 472 590 lacernis
495 525 630 589 Publius
653 547 743 590 meus
766 525 880 608 vincit,

118 615 196 679 Non
217 614 285 695 ipse
308 611 432 678 Cordus
456 612 554 698 alpha
576 614 837 698 paenulatorum,

92 703 221 777 eQuem
247 722 325 786 grex
347 704 480 786 togatus
504 702 649 786 sequitur
671 704 704 765 et
727 701 898 784 capillatus

119 789 306 872 Recensque
330 789 412 853 sella
433 788 604 873 linteisque
627 791 784 874 lorisque:

119 877 357 962 Oppigneravit
379 877 475 941 modo
498 878 593 942 modo
617 879 657 942 ad
681 876 772 941 cladi
795 899 939 942 mensam

118 963 184 1028 Vix
208 968 280 1029 octo
302 964 443 1028 nummis
468 966 613 1049 anulum,
636 966 719 1030 unde
743 970 879 1033 cenaret.
982 1004 983 1010 κ

518 1105 636 1172 LVIII.

118 1211 260 1276 Pexatus
283 1212 417 1296 pulchre
440 1211 525 1276 rides
548 1233 633 1296 mea,
656 1210 758 1296 Zoile,
781 1212 869 1277 trila.

166 1299 248 1364 Sunt
270 1300 349 1365 haec
371 1300 450 1364 trita
473 1299 615 1383 quidem,
639 1299 740 1384 Zoile,
763 1301 819 1364 sed
842 1321 914 1364 mea
938 1304 1021 1364 sunt.

119 1547 205 1612 Mica
226 1569 335 1612 vocor:
359 1547 436 1631 quid
459 1546 520 1610 sim
544 1546 661 1630 cernis,
684 1547 807 1612 cenatio
830 1567 945 1632 parva:

165 1635 215 1698 Ex
238 1657 292 1718 me
313 1632 506 1700 Caesareum
528 1635 686 1719 prospicis
711 1657 782 1700 ecce
803 1636 939 1700 tholum.

119 1722 245 1807 Frange
263 1719 367 1804 turos,
385 1727 460 1806 pete
478 1722 567 1805 vina,
585 1744 675 1788 rosas
695 1745 786 1807 cape,
800 1723 947 1809 tinguere
965 1721 1081 1787 nardo:

163 1810 238 1895 Ipse
261 1811 350 1874 iubet
373 1810 486 1876 mortis
510 1813 543 1874 te
566 1811 751 1876 meminisse
775 1812 852 1876 deus

549 1951 615 2016 LX.

120 2056 262 2122 Uxorem
286 2058 403 2121 armati
425 2057 540 2140 futuis,
562 2079 643 2141 puer
664 2057 778 2141 Hylle,
800 2057 932 2123 tribuni.

166 2144 368 2230 Supplicium
391 2148 519 2209 tantum
541 2167 619 2209 num
641 2146 764 2228 puerile
786 2146 905 2210 times?

121 2233 190 2297 Vae
213 2233 289 2314 tibi,
312 2234 387 2297 dum
410 2232 508 2314 ludis,
531 2234 724 2298 castrabere.
760 2233 831 2297 Iam
853 2233 934 2297 mihi
959 2233 1044 2298 dices

164 2319 260 2405 „Non
272 2321 348 2386 licet
367 2320 456 2386 hoe.“
478 2320 584 2396 Quid?
597 2325 635 2386 tu
650 2321 735 2406 quod
748 2321 843 2405 facis,
856 2320 971 2404 Hylle,
985 2322 1083 2386 licet?

537 2461 622 2528 LXI.

122 2569 202 2634 Cum
226 2569 289 2634 tibi
310 2573 482 2634 vernarent
505 2569 603 2635 dubia
624 2568 779 2654 lanugine
801 2571 919 2656 malae,

165 2657 345 2722 Lambebat
366 2658 490 2723 medios
512 2657 662 2741 improba
685 2658 798 2743 lingua
820 2659 916 2722 viros.

120 2745 299 2830 Postquam
321 2747 417 2810 triste
440 2750 538 2831 caput
559 2747 692 2811 fastidia
714 2745 923 2829 vispillonum

165 2833 210 2898 Et
232 2834 342 2898 miseri
365 2834 483 2898 meruit
505 2835 614 2899 taedia
637 2834 813 2918 carnificis,

95 2921 232 2986 5Uteris
256 2944 312 2986 ore
335 2923 431 2986 aliter
453 2922 616 3008 nimiaque
640 2923 792 3007 aerugine
815 2925 928 3006 eaptus

165 3009 314 3074 Allatras
336 3032 455 3075 namen
478 3012 564 3095 quod
586 3011 647 3075 tibi
670 3031 793 3094 cunque
817 3010 919 3074 datur.

121 3097 265 3163 Haereat
285 3097 472 3183 inguinibus
496 3099 605 3182 potius
627 3103 696 3163 tam
719 3098 816 3162 noxia
838 3097 963 3182 lingua:

166 3185 252 3251 Nam
276 3208 348 3250 cum
370 3186 511 3270 fellaret,
534 3187 647 3273 purior
668 3187 727 3250 illa
749 3185 822 3250 fuit.

531 3326 633 3391 LXII.

123 3434 217 3510 Quod
235 3438 359 3517 pectus,
378 3434 464 3520 quod
483 3456 576 3498 crura
594 3433 669 3516 tibi,
688 3432 774 3517 quod
792 3432 926 3498 brachia
944 3431 1053 3514 vellis,

167 3521 259 3596 Quod
281 3524 386 3588 cincta
410 3526 460 3587 est
482 3522 634 3586 brevibus
657 3521 803 3585 mentula
825 3525 922 3585 tonsa
943 3519 1034 3604 pilis:

122 3610 196 3676 Hoc
208 3615 365 3695 praestas,
379 3610 527 3695 Labiene,
542 3614 619 3678 tuae
628 3645 672 3658 —
684 3610 760 3698 quis
770 3608 900 3676 nescit‘l
912 3643 959 3654 -
968 3606 1115 3671 ammae.

162 3697 224 3760 Cui
236 3703 402 3787 praestas,
426 3701 541 3769 culum
564 3702 672 3792 quod,
692 3701 869 3786 Labiene,
889 3694 1010 3785 §baal
