2408 4132
370 488 748 546 nucnnnnanouns.
766 492 837 547 xun
1043 489 1105 557 307

119 648 316 715 501ninibus
339 649 436 713 laetis
459 654 584 714 vestras
607 649 786 715 Instantius
811 672 884 716 oras

189 738 307 820 Intret,
331 741 364 802 et
385 737 440 801 hic
461 738 591 821 populis
615 740 652 801 ut
673 739 763 822 prior
786 761 889 804 annus
912 743 973 805 eat.

145 825 220 891 Non
243 826 386 911 ignorat,
410 847 491 890 onus
516 825 601 910 quod
624 825 667 890 sit
690 827 857 892 succedere
880 826 1003 893 Macro:

189 913 251 989 Qui
274 936 333 978 sna
355 913 488 978 metitur
511 913 666 1000 pondera,
689 916 773 980 ferre
796 919 913 999 potest

520 1145 681 1157 nnn-—

368 1341 414 1417 M.
443 1340 549 1413 VAL.
576 1338 837 1413 MARTIALIS

276 1513 927 1625 EPIGRAMMATON

476 1704 610 1770 ciana
631 1705 723 1772 iun.

525 1882 674 1949 Xeato.

586 2058 611 2123 Ι.

141 2166 191 2231 Ne
214 2169 293 2250 toga
316 2162 454 2247 cordylis
478 2168 511 2227 et
532 2164 671 2246 paenula
694 2163 778 2227 desit
800 2163 895 2229 olivis

186 2255 253 2317 Aut
275 2253 407 2335 inopem
430 2254 555 2315 metuat
577 2250 707 2316 sordida
728 2251 834 2315 blatta
855 2251 989 2337 famem,

141 2340 269 2406 Perdite
292 2339 450 2423 Niliacas,
472 2338 598 2423 Musae,
621 2360 693 2402 mea
716 2339 845 2423 damna,
868 2362 1023 2424 papyros:

185 2429 349 2512 Postulat,
372 2449 457 2510 ecce,
478 2448 579 2493 novos
603 2426 692 2492 ebria
714 2427 829 2491 bruma
852 2428 946 2493 sales.

115 2517 217 2584 tNon
239 2539 311 2581 mea
334 2515 543 2601 magnanimo
567 2515 733 2600 depugnat
754 2520 876 2580 tessera
898 2518 977 2600 telo,

186 2605 279 2670 Senio
301 2626 362 2669 nec
383 2608 533 2668 nostrum
556 2625 628 2677 cuin
651 2624 729 2667 cane
752 2607 885 2686 quassat
908 2605 999 2669 ebur:

141 2694 229 2759 Haec
243 2692 324 2757 mihi
337 2692 450 2757 charta
462 2712 568 2776 nuces,
582 2691 662 2755 haec
676 2695 726 2754 cst
739 2691 820 2755 mihi
829 2691 941 2756 charta
949 2691 1097 2758 fritillas:

185 2784 266 2846 Alea
288 2802 347 2846 nec
370 2781 523 2845 damnum
545 2801 604 2845 nec
626 2778 706 2844 facit
727 2779 793 2845 ista
815 2779 948 2845 lucrum.

577 2918 621 2985 Π.

140 3031 285 3108 Nasutus
309 3027 353 3093 sis
375 3048 477 3112 usque
499 3026 589 3110 licet,
612 3026 657 3091 sis
680 3025 814 3109 denique
836 3048 947 3111 nasus,
1079 3063 1082 3069 ·

185 3117 348 3194 Quantum
370 3117 519 3180 noluerat
541 3115 625 3180 ferre
647 3118 781 3198 rogatus
803 3114 934 3199 Atlans,

140 3206 184 3271 Et
206 3205 312 3290 possis
335 3205 443 3289 ipsum
464 3208 501 3268 tu
525 3203 667 3268 deridere
688 3202 854 3267 Latinum:

183 3294 258 3359 Non
279 3296 372 3378 potes
394 3293 429 3356 in
451 3313 556 3378 nugas
580 3292 683 3356 dicare
705 3293 800 3375 plura
822 3312 924 3375 meas,

113 3382 212 3468 slpsc
236 3403 296 3467 ego
319 3403 416 3465 quam
440 3380 512 3444 dixi.
549 3378 632 3455 Quid
656 3378 783 3443 dentem
806 3379 900 3442 dente
922 3378 1046 3444 iuvabit

182 3470 329 3535 Rodere?
353 3490 448 3534 carne
471 3490 551 3553 opus
574 3473 635 3552 est,
658 3467 687 3532 si
710 3471 799 3531 satur
821 3488 891 3531 esse
913 3467 1002 3532 velis.

139 3559 188 3624 Nc
211 3558 326 3642 perdas
350 3579 494 3642 operam:
518 3556 573 3640 qui
596 3579 630 3621 se
653 3556 823 3640 mirantur,
845 3555 880 3619 in
901 3554 977 3619 illos

165 3648 282 3727 ¹Virus
305 3645 402 3730 habe,
424 3667 484 3710 nos
506 3644 586 3710 haec
608 3645 756 3709 novimus
779 3664 850 3708 essa
872 3642 964 3708 nihil.

138 3728 215 3802 Non
237 3739 346 3801 tamen
364 3734 425 3799 hoc
443 3733 579 3797 nimium
596 3732 677 3797 nihil
697 3736 760 3815 est,
783 3732 812 3796 si
829 3731 984 3796 candidus
1006 3753 1102 3805 cunc,

94 3839 129 3893 lo
181 3822 252 3890 Nec
274 3825 434 3888 matutina
458 3821 487 3887 si
509 3821 591 3889 mihi
611 3821 725 3888 tronto
745 3820 857 3888 uenis.

917 3914 978 3969 ao*
