2408 4132
374 348 667 404 EPIGRAMMATON
685 350 750 407 LIB.
770 352 829 406 VH.
1033 352 1099 417 167

95 527 127 574 15
139 509 200 574 Sed
222 512 317 594 plane
340 512 462 576 medias
485 515 579 576 vorat
600 513 737 596 puellas.

138 600 181 663 Di
203 605 344 664 mentem
366 601 429 664 tibi
451 601 528 664 dent
550 604 655 683 tuam,
677 600 838 686 Philaeni,

139 686 287 752 Cunnum
309 688 432 772 lingere
456 710 538 772 quae
559 693 656 772 putas
679 689 781 754 virile.

521 828 670 894 LXVIII.

139 933 369 999 Commendare
392 956 494 1019 meas,
517 935 659 1000 Instanti
681 935 778 1020 Rufe,
802 935 960 1003 Camenas

181 1021 281 1088 Parce
303 1045 416 1106 precor
440 1045 563 1088 socero:
588 1025 672 1088 seria
693 1023 805 1088 forsan
829 1031 926 1091 amat.

138 1110 230 1185 Quod
254 1111 282 1175 si
305 1111 445 1176 lascivos
469 1111 614 1176 admittit
637 1116 669 1176 et
691 1113 747 1176 ille
770 1112 915 1198 libellos,
945 1160 947 1165 .

181 1198 270 1263 Haec
294 1221 355 1285 ego
378 1201 430 1263 vel
452 1197 548 1264 Curio
572 1199 784 1284 Fabricioque
808 1201 925 1287 legam.

539 1340 653 1405 LXIX.

137 1446 227 1512 Haec
250 1450 299 1511 est
322 1447 380 1511 illa
401 1445 463 1510 tibi
485 1447 646 1529 promissa
667 1446 861 1532 Theophila,
885 1446 978 1532 Cani,

182 1534 279 1600 Cuius
303 1533 458 1619 Cecropia
480 1539 613 1619 pectora
635 1556 713 1600 voce
736 1537 882 1602 madent:

137 1624 231 1689 Hane
255 1623 317 1688 sibi
338 1624 407 1688 iure
429 1627 520 1708 petat
544 1624 654 1708 magni
677 1625 763 1688 senis
786 1626 916 1691 Atticus
939 1625 1067 1702 hortus,

181 1712 250 1776 Nec
272 1711 379 1775 minus
403 1733 472 1776 esse
496 1733 588 1776 suam
611 1709 721 1777 Stoica
742 1713 840 1778 turba
861 1713 948 1778 velit.

110 1799 234 1865 5Vivet
257 1821 338 1882 opus
361 1800 570 1884 quodcunque
592 1823 651 1882 per
673 1801 733 1865 has
757 1803 902 1866 emiseris
925 1823 1032 1866 aures:

180 1888 261 1953 Tam
282 1909 349 1952 non
371 1887 544 1952 femineum
566 1910 626 1953 nec
648 1890 804 1972 populare
825 1891 922 1974 sapIt.

137 1977 212 2042 Non
233 1979 291 2040 tua
313 1974 487 2040 Pantaenis
506 1978 647 2040 'nimium
671 1999 704 2041 se
727 1978 889 2060 praeferat
911 1978 974 2061 illi,

182 2063 335 2139 Quamvis
359 2063 464 2128 Pierio
488 2064 532 2128 sit
556 2065 635 2128 bene
657 2069 736 2130 nota
759 2065 866 2130 choro.

138 2151 290 2218 Carmina
311 2152 488 2236 fingentem
512 2151 644 2236 Sappho
666 2153 812 2217 laudavit
835 2153 987 2217 amatrix:

96 2259 127 2308 10
181 2241 310 2307 Castior
332 2241 425 2324 haee,
449 2244 482 2304 et
503 2262 569 2305 non
592 2240 716 2305 doctior
738 2242 796 2306 illa
818 2241 889 2304 fuit.

546 2381 643 2446 LXX.

135 2489 285 2573 Ipsarum
307 2488 471 2552 tribadum
493 2488 611 2572 tribas,
632 2487 793 2571 Philaeni,

136 2577 249 2661 Recte,
273 2598 370 2661 quam
392 2576 507 2661 futuis,
529 2598 627 2641 vocas
651 2577 797 2641 amicam.

537 2716 653 2783 LXXI.

136 2822 252 2888 Ficosa
275 2826 325 2886 est
347 2844 441 2907 uxor,
463 2823 581 2888 ficosus
606 2823 729 2908 etipse
753 2823 904 2907 maritus,

179 2910 265 2975 Filia
286 2911 387 2975 ficosa
409 2914 459 2975 est
482 2915 515 2976 et
539 2933 638 2998 gener
661 2915 758 2994 atque
780 2933 895 2995 nepos,

136 2999 205 3064 Nec
229 2999 434 3082 dispensator
455 3021 515 3064 nec
537 3001 652 3065 vilicus
676 3000 782 3064 ulcere
805 3001 894 3084 turpi

155 3086 248 3152 ‘Nec
270 3088 395 3171 rigidus
418 3089 538 3168 fossor,
561 3089 616 3153 sed
638 3110 697 3153 nec
721 3093 832 3154 arator
856 3093 938 3173 eget.

109 3174 218 3240 5Cum
243 3176 308 3240 sint
328 3176 421 3241 ficosi
442 3178 566 3260 pariter
588 3177 781 3261 iuvenesque
805 3198 974 3261 senesque,

178 3264 243 3329 Res
266 3265 349 3329 mira
373 3269 435 3348 est,
458 3266 534 3330 ficos
558 3287 624 3330 non
645 3266 850 3456 habeppuus
874 3286 961 3352 ager.

530 3406 662 3470 LXXII.

135 3510 255 3577 Gratus
279 3512 325 3576 sio
348 3512 423 3594 tibi,
445 3512 558 3598 Paule,
582 3513 625 3578 sit
647 3512 837 3597 December,

134 3598 204 3665 Nec
226 3601 301 3666 vani
323 3601 467 3685 triplices
491 3603 669 3685 brevesque
692 3623 828 3687 mappae

86 3764 91 3795 ·,
133 3682 211 3755 Nec'
224 3689 309 3755 toris
332 3689 464 3756 veniant
487 3690 579 3759 leves
603 3691 766 3774 seIibrae,
