2408 4132
93 439 137 505 ro
418 437 455 489 ιι
474 436 558 490 ιιι.
574 434 771 489 minus

136 600 191 664 Lis
214 600 291 681 eril,
312 600 437 683 ingenti
458 598 556 662 faciel
579 598 726 662 convicia
748 620 841 661 rote:

94 706 127 753 lo
179 688 262 752 Esse
285 688 388 770 pudor
409 688 512 751 retnis
534 687 632 749 lonis
653 687 753 748 rerba
774 687 865 750 mihi

135 776 243 860 „Ergo
265 776 346 839 nihil
369 776 482 839 nobi?
503 776 610 857 inquis
633 775 834 858 ,pmembis
856 776 1025 842 amicus?

178 863 340 948 Quidquid
362 864 511 929 libertus
533 861 690 927 Candide.
711 884 779 927 non
799 867 931 945 poterit

525 1020 657 1085 XLVII.
997 1038 1061 1081 κ

135 1090 265 1214 Capena
286 1127 402 1212 grandi
423 1142 519 1210 porta
541 1149 606 1210 qna
627 1127 713 1210 pluit
734 1131 830 1211 gutia

134 1218 377 1302 Phrugiumque
399 1215 514 1280 blattis
536 1216 635 1278 Almo
657 1237 722 1298 qna
744 1217 832 1279 lavat
854 1217 992 1303 ferrum,

134 1305 346 1371 Horatiorum
368 1325 432 1387 qua
453 1305 537 1367 viret
560 1325 652 1368 sacer
674 1325 808 1387 campus
952 1366 965 1385 ὁ
990 1342 996 1351 ·

135 1395 180 1458 Et
202 1416 267 1479 qna
288 1392 401 1478 pusilli
422 1392 526 1456 fervet
547 1391 699 1455 Herculis
720 1391 882 1475 fanum,
983 1392 991 1403 '

108 1481 302 1565 oFaustine,
324 1482 422 1564 plena
443 1478 566 1544 Bassus
587 1481 690 1543 ibat
679 1501 715 1543 ιιι
736 1445 874 1564 racda‚·

134 1569 254 1635 Omnes
276 1570 365 1634 beati
388 1570 499 1650 copias
521 1568 654 1633 babens
675 1568 772 1632 ruris.
889 1636 894 1643 ,
919 1616 930 1625 .

134 1658 209 1724 lllic
231 1658 357 1722 videres
378 1657 494 1721 frutice
517 1657 620 1721 nobili
641 1657 824 1721 caules·
838 1672 841 1679 '

133 1747 180 1811 Et
202 1752 373 1828 utrumque
395 1767 527 1835 porrum
550 1741 743 1829 sessilesque
763 1738 953 1813 lactucas
1044 1740 1048 1747 ’

134 1835 298 1920 Pigroque
319 1834 426 1897 ventri
447 1854 514 1897 non
536 1833 666 1897 inutiles
690 1836 796 1918 betas,

93 1940 125 1987 ro
134 1922 208 1988 Illic
230 1944 384 1988 coronam
406 1923 582 2006 pinguibus
605 1943 737 2022 gravem
759 1886 865 1988 trirdis

133 2010 355 2096 Leporemque
376 2012 501 2075 laesum
524 2008 643 2075 Gallici
666 2011 755 2074 canis
777 2013 874 2076 dente

133 2099 349 2183 Nondumque
371 2100 458 2163 victa
480 2099 620 2163 lacteum
641 2098 719 2163 faba
740 2123 884 2185 porcum
947 2108 991 2147 -·-’
1003 2098 1019 2123 ·’
1048 2108 1067 2137 ·’··
1079 2098 1129 2127 ’·’“·

133 2188 202 2254 Nec
224 2188 360 2252 feriatus
383 2187 453 2252 ibas
476 2192 551 2252 ante
574 2209 755 2271 carrucam,

134 2274 196 2340 Sed
218 2282 291 2341 buta
312 2276 408 2341 laeuo
432 2297 543 2341 cursor
567 2298 628 2340 ova
650 2277 814 2359 portabab

92 2364 257 2430 roUrbem
279 2364 413 2450 petebat
436 2365 579 2429 Bassus?
602 2366 702 2428 immo
725 2387 780 2428 rus
803 2366 882 2429 ibab

517 2522 667 2589 XerIIl.

134 2629 289 2713 Pauperis
312 2630 454 2693 extruxit
477 2630 608 2711 cellam,
631 2628 687 2693 sed
709 2629 853 2694 vendidit
875 2629 954 2696 Olus

177 2716 328 2781 Praedia:
349 2739 434 2781 nunc
457 2719 573 2793 cellam
595 2719 748 2803 pauperis
771 2717 851 2784 Olus
874 2719 982 2784 habeb.

536 2875 649 2941 XLIX

136 2980 314 3045 Veientana
337 2981 418 3045 mihi
440 2982 570 3066 misces,
592 2983 649 3047 ubi
672 2982 812 3048 Massica
834 2988 944 3066 potas:

179 3068 326 3134 Olfacere
350 3069 430 3135 haec
453 3071 538 3134 malo
561 3072 692 3156 pocula,
715 3094 812 3156 quam
836 3073 955 3137 bibere.

574 3229 609 3294 L.

135 3334 225 3401 Haec
247 3335 321 3419 libi,
344 3358 409 3401 non
432 3337 510 3420 alia,
534 3337 647 3401 estad
670 3359 783 3402 cenam
805 3360 903 3403 causa
924 3342 1075 3427 vocandi,

178 3387 365 3490 Versiculos
388 3425 564 3490 recitesul
568 3423 765 3509 ,Ligurine‚
788 3430 872 3491 tuos.

134 3510 278 3595 Deposui
302 3513 421 3597 soleas,
445 3514 540 3578 affert
526 3519 579 3578 tur
601 3513 783 3597 protinus
773 3536 888 3601 ingens

178 3598 269 3665 Inter
292 3600 358 3665 lact
344 3605 435 3666 lucas
458 3622 701 3686 oxygarumque
723 3602 820 3667 liber.

109 3687 228 3754 sAlter
250 3690 390 3775 porrigit
391 3711 440 3774 ur,
464 3689 539 3753 dum
562 3691 684 3754 fercula
706 3690 812 3773 prima
833 3696 1015 3759 moranturr

169 3776 302 3843 Tertius
324 3782 388 3867 est,
409 3800 517 3867 neque
542 3777 648 3846 adhuc
669 3799 786 3844 mensa
806 3780 950 3845 secunda
967 3783 1074 3846 senio
