2408 4132
386 490 500 544 INDEX
519 491 810 548 EPIGRAMMATON
1041 493 1105 558 353

99 649 208 717 Ecquid
226 648 415 720 Hyperboreis
435 648 471 701 ad
489 666 540 703 nos
560 666 708 703 conversus
729 651 764 703 ab
785 650 863 706 oris.
891 694 898 707 .
927 695 934 707 .
1001 653 1060 719 VII,
1081 660 1104 707 6.

100 720 159 774 Ede
178 723 242 774 tuos
261 720 377 773 tandem
394 719 508 788 populo,
528 719 668 788 Faustina,
688 720 826 778 libellos.
856 765 861 778 .
892 765 897 777 .
926 765 932 778 .
1023 724 1042 790 l,
1063 730 1103 777 25.

99 791 190 844 Edere
208 790 328 844 lascivos
348 790 384 843 ad
402 789 519 843 Baetica
536 792 677 845 crusmata
694 794 791 859 gestus
822 835 827 847 .
856 835 862 847 .
891 839 898 848 ,
927 836 933 848 .
995 793 1041 861 VI,
1063 800 1103 847 71.

99 861 231 915 Edictum
250 861 356 915 domini
375 860 476 928 deique
494 861 584 914 nostri
609 905 932 919 ..........

99 932 186 985 Edita
203 949 238 986 ne
257 931 389 985 brevibus
407 934 506 999 pereat
523 931 593 984 mihi
612 948 678 985 cura
695 931 826 988 libellis.
856 977 861 989 .
891 976 897 988 .
927 976 932 988 .
1036 977 1042 1001 ,
1098 976 1103 988 .

99 1003 201 1056 Editur
220 1019 254 1056 eu
273 1005 367 1055 sext-us
386 1001 493 1055 sinete
512 1001 589 1068 mihi,
609 1002 680 1056 Rufe
699 1002 816 1057 Camoni
855 1047 861 1059 .
890 1047 896 1059 .
926 1047 931 1057 .
994 1003 1041 1070 VI,
1061 1011 1103 1059 85.

99 1073 188 1126 Effert
206 1090 304 1127 uxores
324 1072 436 1139 Fabius,
456 1071 607 1125 Chrestilla
624 1072 758 1129 maritos.
787 1117 793 1130 .
822 1117 828 1129 .
857 1117 863 1131 .
892 1117 899 1131 .
929 1117 934 1129 ,
968 1073 1041 1142 VIII,
1061 1082 1103 1129 43.

99 1144 231 1212 Effigiem
249 1145 360 1197 tantum
377 1142 458 1211 pueri
475 1142 587 1211 pictura
605 1141 720 1197 Camoni
748 1187 753 1200 .
783 1187 789 1200 .
818 1188 824 1198 .
854 1188 860 1200 .
890 1186 896 1199 .
925 1188 931 1199 .
996 1145 1042 1212 IX,
1063 1153 1103 1200 74.

98 1215 228 1282 Effugere
247 1214 277 1266 in
295 1213 412 1267 thermis
432 1216 460 1266 61
478 1213 552 1267 61166
570 1213 673 1267 balnea
690 1231 746 1268 non
765 1216 827 1270 eet.
856 1257 862 1271 .
892 1257 898 1271 .
927 1258 932 1271 .
981 1215 1041 1281 XII,
1061 1222 1103 1270 82.

98 1286 229 1354 Effugere
247 1302 303 1339 non
322 1287 372 1351 est,
392 1284 499 1352 Flacce,
518 1283 676 1338 basiatores
713 1328 931 1341 .......
995 1286 1042 1355 XI,
1061 1294 1103 1342 98.

98 1356 161 1424 Egi,
182 1356 272 1422 Sexte,
291 1357 378 1422 tuam,
396 1358 496 1423 pactus
516 1354 570 1409 duo
588 1354 676 1422 milia,
696 1372 825 1410 causam.
855 1400 861 1411 .
891 1398 897 1412 .
927 1399 932 1410 .
969 1355 1041 1423 VIII,
1063 1363 1103 1410 17.

98 1426 193 1494 Egisti
210 1426 299 1480 vitam
318 1442 435 1494 semper,
453 1425 530 1493 Line,
549 1425 748 1495 municipalem
785 1469 791 1482 .
820 1470 826 1482 .
856 1470 861 1482 .
890 1470 896 1482 .
926 1469 931 1482 .
994 1426 1042 1495 IV,
1062 1433 1103 1480 66.

99 1497 191 1549 Elidit
209 1496 334 1566 geminos
353 1496 445 1548 infans
464 1513 515 1549 nec
533 1495 650 1564 respicit
668 1512 791 1565 angues.
821 1541 827 1551 .
856 1541 862 1552 .
890 1540 897 1553 .
926 1541 931 1552 .
956 1496 1029 1564 XIV,
1045 1503 1103 1552 177.

98 1568 194 1636 Elysio
214 1568 311 1621 redeat
330 1567 354 1620 si
371 1567 444 1620 forte
462 1565 594 1620 remissus
614 1566 649 1620 ab
670 1583 755 1636 agro.
783 1611 790 1623 .
819 1610 825 1622 .
853 1611 860 1623 .
890 1612 896 1624 .
925 1610 931 1622 .
990 1567 1024 1628 X,
1044 1575 1103 1622 101.

71 1689 78 1705 ‚
98 1639 162 1692 Emi
181 1655 230 1692 seu
247 1655 365 1706 puerum
382 1640 513 1706 togamve
530 1654 632 1706 pexam
643 1680 932 1694 .........
1008 1638 1041 1704 ll,
1061 1646 1103 1692 ll.

98 1709 177 1762 Emit
194 1708 319 1762 lacernas
338 1707 452 1761 milibus
471 1708 568 1761 decem
585 1708 689 1762 Bassus
713 1750 931 1764 .......
968 1708 1040 1775 VIII,
1063 1716 1102 1763 10.

97 1782 202 1848 Empta
220 1780 317 1833 domus
336 1779 428 1832 fuerat
446 1778 508 1846 tibi,
528 1779 704 1847 Tongiliane,
723 1778 850 1832 ducentis
891 1823 898 1835 .
927 1823 933 1836 .
994 1779 1041 1846 IH,
1061 1785 1102 1834 52.

98 1853 256 1904 Encaustus
274 1849 421 1903 Phaethon
438 1850 537 1903 tabula
555 1848 610 1902 tibi
627 1849 720 1919 pictus
739 1850 769 1902 in
787 1851 839 1903 hac
859 1850 903 1904 est
925 1893 931 1905 .
995 1850 1042 1914 IV,
1061 1858 1103 1906 47.

98 1921 281 1990 Epigramma
298 1924 425 1974 nostrum
443 1937 506 1973 cum
524 1920 644 1974 Fabulla
661 1919 791 1990 legisset.
820 1965 826 1976 .
856 1965 862 1976 .
892 1965 897 1976 .
926 1965 932 1976 .
994 1920 1040 1987 IV,
1061 1927 1102 1975 81.

98 1993 182 2046 Erras
202 2008 326 2045 meorum
344 1991 390 2043 fur
408 2007 491 2045 avare
509 1990 645 2044 librorum
677 2034 931 2048 ........
1020 1991 1040 2057 I,
1061 2000 1102 2046 66.

97 2062 232 2130 Esquiliis
251 2062 349 2116 domus
369 2064 420 2126 est,
440 2061 537 2115 domus
557 2063 600 2114 est
618 2061 672 2114 tibi
691 2061 762 2115 colle
780 2061 888 2114 Dianae
925 2105 930 2117 .
980 2060 1040 2127 VH,
1060 2069 1102 2116 73.
1186 2127 1190 2133 1

97 2135 167 2188 Esse
185 2149 272 2201 negas
291 2135 400 2186 coctum
419 2131 542 2200 leporem
559 2131 708 2200 poscisque
726 2131 860 2199 flagella.
889 2176 896 2188 .
926 2175 931 2186 .
994 2131 1040 2199 III,
1060 2139 1102 2186 94.

98 2205 168 2257 Esse
187 2203 260 2256 nihil
278 2203 347 2255 dicis
367 2201 504 2269 quidquid
522 2201 605 2270 petis,
625 2201 751 2270 improbe
771 2200 859 2254 Cinna
889 2245 895 2257 .
923 2245 930 2257 .
993 2201 1040 2263 ΠΙ,
1061 2209 1102 2256 61.

97 2277 167 2329 Esse
185 2276 256 2343 puta
274 2290 361 2338 ceras,
380 2273 449 2325 licet
466 2272 535 2325 haec
553 2272 718 2325 membrana
734 2274 861 2326 vocetur.
890 2314 896 2324 .
926 2315 931 2326 .
986 2271 1058 2339 XIV,
1079 2281 1102 2328 7.

97 2346 167 2399 Esse
185 2347 268 2414 putes
286 2344 410 2397 nondum
430 2359 539 2396 sumen:
558 2342 599 2394 sic
617 2344 701 2396 ubere
720 2341 825 2411 large.
854 2385 860 2397 .
890 2385 896 2396 .
925 2386 931 2397 .
968 2341 1040 2409 XIII,
1059 2350 1101 2397 44.

97 2417 168 2469 Esse
187 2415 255 2484 quid
269 2416 322 2468 hoo
336 2414 436 2480 dicam,
452 2413 526 2481 quod
545 2412 623 2466 olent
636 2415 687 2466 tua
699 2411 781 2466 basia
794 2412 935 2479 myrrham
1005 2413 1039 2479 II,
1061 2420 1102 2468 12.

96 2488 166 2540 Esse
185 2486 253 2554 quid
271 2486 324 2539 hoc
343 2484 444 2550 dicam,
463 2483 534 2538 vivis
553 2483 628 2550 quod
646 2482 722 2536 fama
739 2484 859 2552 negatur
888 2526 894 2538 .
923 2526 929 2538 .
1006 2483 1039 2550 V,
1061 2491 1102 2537 10.

96 2560 167 2612 Esse
186 2557 240 2610 tibi
258 2556 355 2609 videor
373 2572 472 2608 saevus
491 2553 664 2621 nimiumque
682 2553 824 2623 gulosus.
853 2597 859 2608 .
888 2597 894 2609 .
924 2597 929 2608 .
966 2552 1039 2620 VIII,
1060 2561 1101 2608 23.

97 2629 168 2682 Esse
185 2627 264 2680 vides
284 2627 404 2695 lignum;
424 2642 517 2679 servas
536 2623 592 2677 nisi
610 2623 725 2694 lumina,
743 2625 792 2677 1161
818 2667 824 2679 .
853 2668 859 2680 ,
889 2668 895 2680 .
924 2667 929 2679 .
965 2623 1039 2690 XIV,
1060 2631 1101 2678 44.

96 2700 188 2766 Esset,
208 2697 339 2763 Castrice,
358 2714 421 2750 eum
438 2694 507 2749 mali
525 2694 626 2749 coloris
642 2737 929 2751 .........
997 2694 1057 2763 VII,
1077 2702 1101 2749 4.

95 2771 148 2824 Est
166 2768 237 2822 mihi
256 2768 359 2837 (sitque
377 2783 475 2836 precor
492 2767 609 2835 longum
625 2768 654 2819 te
672 2765 810 2834 praeside,
826 2763 937 2835 Caesar)
993 2765 1040 2834 IX,
1061 2771 1101 2820 18.
1167 2816 1170 2824 ‚

96 2841 150 2894 Est
167 2839 222 2892 tibi
242 2839 343 2906 (sitque
361 2854 459 2907 precor
472 2837 575 2891 multos
591 2839 753 2904 crescatque
766 2852 817 2906 per
831 2839 926 2906 annos)
1002 2836 1023 2901 I,
1044 2843 1101 2890 108.

94 2912 134 2966 Et
152 2911 262 2963 delator
281 2927 309 2963 66
329 2912 358 2962 61
377 2907 563 2962 calumniator
572 2948 932 2964 ...........
994 2907 1040 2973 XI,
1060 2915 1101 2962 66.

95 2984 135 3038 Ε1
154 2981 231 3034 (16161
250 2982 279 3034 61
296 2979 430 3048 queritur,
450 2978 505 3032 sibi
523 2996 579 3033 non
597 2979 759 3047 contingere
776 2975 866 3047 frigus
891 3023 897 3034 .
926 3021 932 3034 .
993 2978 1040 3046 VI,
1061 2985 1101 3033 69.

96 3054 134 3108 Et
153 3052 237 3105 iudex
255 3051 330 3120 petit
349 3053 377 3104 et
393 3049 468 3118 petit
484 3051 620 3119 patronus
643 3091 931 3106 .........
1007 3048 1040 3115 II,
1061 3056 1102 3103 13.

96 3125 135 3178 Et
153 3122 225 3176 latet
244 3125 273 3176 et
291 3122 367 3175 lucet
383 3120 591 3175 Phaethontide
610 3119 725 3174 condita
742 3120 825 3188 gutta
852 3163 858 3176 .
887 3163 894 3175 .
922 3162 928 3176 .
992 3118 1039 3184 IV,
1060 3125 1102 3172 32.

95 3197 135 3250 Et
151 3193 232 3247 vultu
249 3195 378 3260 poteram
396 3194 445 3245 tuo
465 3208 558 3246 carere
571 3232 931 3247 ...........
993 3189 1040 3256 III,
1060 3195 1101 3243 53.

95 3264 209 3319 Etrusci
227 3263 283 3316 nisi
301 3262 448 3315 thermulis
466 3261 570 3315 lavaris
606 3302 929 3318 ..........
993 3258 1039 3322 VI,
1058 3265 1101 3312 42.

95 3335 266 3404 Eutrapelus
285 3336 382 3387 tonsor
401 3333 467 3386 dum
485 3331 584 3386 circuit
602 3349 651 3386 ora
669 3330 786 3398 Luperci
818 3373 824 3385 .
854 3373 860 3386 .
889 3373 895 3385 .
924 3373 930 3385 .
980 3328 1039 3396 VII,
1059 3335 1101 3384 83.

95 3407 247 3474 Excipient
266 3421 348 3473 apros
368 3403 610 3472 expectabuntque
629 3403 723 3455 leones
749 3445 754 3456 .
784 3445 790 3457 .
819 3444 825 3455 .
854 3444 860 3457 .
889 3443 896 3456 .
925 3443 931 3455 .
967 3398 1040 3466 XIV,
1059 3406 1100 3454 30.

95 3478 195 3545 Exigis
215 3475 330 3530 anobis
350 3491 463 3543 operam
482 3473 541 3527 sine
560 3474 612 3526 fine
631 3474 759 3541 togatam
783 3513 789 3526 .
818 3514 824 3526 .
854 3515 859 3526 .
889 3513 895 3525 .
923 3512 930 3523 .
992 3468 1101 3537 11146.

96 3548 205 3617 Exigis,
224 3549 256 3600 ut
274 3547 375 3600 donem
393 3547 504 3598 nostros
523 3543 584 3612 tibi,
604 3543 713 3610 Quinte,
733 3540 858 3597 libellos.
888 3584 893 3596 .
922 3584 928 3596 .
993 3540 1039 3608 IV,
1060 3548 1101 3595 72.

95 3619 204 3687 Exigis,
222 3620 255 3670 ut
272 3619 382 3671 nostros
402 3616 502 3669 donem
521 3614 582 3682 tibi,
601 3614 700 3680 Tucca,
719 3613 858 3669 libellos.
887 3656 893 3666 .
923 3655 928 3666 .
978 3610 1039 3678 VII,
1060 3617 1100 3666 77.

95 3688 260 3758 Expirantis
279 3688 370 3740 adhue
390 3685 510 3740 scombri
529 3685 564 3738 de
583 3683 719 3754 sanguine
737 3683 827 3752 primo
852 3728 857 3739 .
887 3725 893 3737 .
922 3725 928 3738 .
950 3681 1023 3749 XIII,
1042 3689 1101 3738 102.

95 3760 268 3830 Explicitum
285 3758 366 3812 nobis
384 3773 473 3825 usque
491 3755 527 3808 ad
546 3772 597 3810 sua
615 3771 721 3810 cornua
735 3754 864 3808 librum.
894 3795 901 3808 .
931 3794 938 3804 .
975 3752 1123 3809 &aaz

94 3830 300 3898 Extemporalis
318 3830 412 3884 factus
431 3830 476 3884 est
494 3845 575 3884 meus
592 3827 694 3883 rhetor

136 3945 217 3985 Mirr.
