2408 4132
94 458 138 522 20
420 458 458 514 n.
477 457 556 514 vm.
576 459 776 516 nunninus

462 618 464 622 ⁴
566 620 632 686 XL.

139 724 200 801 Qui
224 726 311 791 ducis
334 729 443 790 vultus
467 729 500 790 eb
521 748 588 791 non
611 727 694 812 legis
717 729 783 792 isba
804 730 958 815 libenter,

183 813 342 879 Omnibus
364 816 521 898 invideas,
544 815 655 899 livide,
677 838 773 882 nemo
796 818 866 885 bibi

555 954 638 1020 XLI.

137 1061 289 1136 Urbanus
312 1061 388 1142 libi,
411 1059 544 1144 Caecili,
567 1061 694 1126 videris.

138 1149 214 1214 Non
237 1172 284 1234 eS,
307 1150 398 1214 crede
422 1149 511 1212 mihi.
556 1147 639 1224 Quid
662 1151 763 1236 ergo?
785 1173 897 1236 verna,

137 1238 209 1303 Hoc
232 1237 316 1323 quod
340 1236 588 1301 transtiberinus
612 1239 809 1322 ambulator,

138 1326 201 1401 Qui
223 1324 595 1409 pallentia'sulphuraba
616 1325 729 1391 fractis

111 1412 306 1478 5Permubab
328 1414 453 1496 vitreis,
477 1413 562 1498 quod
586 1414 711 1478 otiosae

135 1501 257 1566 Vendit
281 1503 336 1585 qui
359 1502 524 1566 madidum
548 1502 631 1565 cicer
653 1523 805 1585 coronae,

137 1589 229 1665 Quod
253 1593 361 1654 custos
385 1590 596 1673 dominusque
619 1591 817 1674 viperarum,

138 1678 230 1754 Quod
253 1679 333 1742 viles
356 1679 448 1762 pueri
471 1678 678 1762 salariorum,

137 1765 229 1841 Quod
252 1767 413 1830 fumanbia
436 1768 490 1850 qui
514 1767 659 1831 tomacla
681 1789 796 1831 raucus

94 1872 127 1920 10
138 1853 332 1919 Circumfert
354 1854 471 1939 tepidis
495 1876 589 1919 cocus
612 1855 755 1939 popinis,

136 1942 229 2018 Quod
250 1965 316 2007 non
339 1943 479 2026 optimus
503 1943 633 2007 urbicus
656 1947 766 2027 poeta,

136 2031 228 2106 Quod
250 2031 290 2094 de
313 2029 457 2094 Gadibus
479 2031 646 2115 improbus
670 2031 840 2116 magister,

136 2119 228 2195 Quod
251 2120 352 2184 bucca
376 2124 426 2183 est
447 2119 551 2183 vetuli
573 2119 666 2184 dicax
689 2120 823 2184 cinaedi.

122 2207 241 2283 ‚Quare
264 2208 374 2272 desine
395 2208 461 2272 iam
483 2209 546 2273 bibi
568 2208 682 2291 videri,

94 2313 125 2361 15
137 2297 229 2372 Quod
252 2297 314 2361 soli
336 2297 411 2380 bibi,
434 2295 567 2380 Caecili,
590 2296 723 2380 videris,

136 2385 198 2460 Qui
221 2385 369 2450 Gabbam
393 2386 515 2449 salibus
539 2384 604 2448 buis
628 2387 661 2448 eb
683 2385 790 2466 ipsum

134 2472 251 2538 Posses
274 2474 401 2538 vincere
424 2473 568 2537 Tettium
591 2470 772 2541 caballum.

133 2561 210 2625 Non
232 2561 544 2646 cuicunquedatum
567 2563 617 2623 est
640 2560 759 2624 habere
781 2581 910 2624 nasum:

134 2648 233 2712 Ludit
256 2649 311 2731 qui
334 2649 453 2712 stolida
474 2648 686 2732 procacitate,

92 2734 211 2801 20Non
234 2740 284 2799 est
307 2735 435 2799 Tebbius
457 2736 527 2819 ille,
551 2736 607 2799 sed
630 2735 783 2800 caballus.

545 2892 644 2958 XLII.

135 2999 290 3085 Coniugis
314 2999 457 3064 audisset
478 2999 583 3063 fatum
607 3022 679 3064 cum
701 2999 816 3066 Porcia
838 2999 932 3064 Bruti

179 3090 223 3153 Et
247 3090 413 3153 subtracta
437 3088 501 3152 sibi
524 3092 692 3171 quaereret
714 3111 804 3153 arma
827 3089 933 3170 dolor,

135 3177 305 3261 „Nondum
329 3176 439 3241 scibis“
462 3176 509 3240 ait
531 3181 687 3259 „mortem
710 3199 776 3242 non
798 3198 894 3260 posse
916 3179 1053 3264 negari?

179 3265 398 3345 Credideram,
420 3264 498 3329 fatis
521 3264 583 3330 hoc
606 3265 752 3329 docuisse
774 3265 930 3350 patrem.“

109 3354 227 3418 oDixit
250 3357 283 3416 eb
306 3355 455 3418 ardentes
479 3354 574 3417 avido
597 3353 681 3417 bibit
703 3375 759 3416 ore
781 3353 920 3417 favillas.

178 3441 195 3506 I
217 3463 301 3505 nunc
325 3446 358 3505 eb
379 3441 515 3524 ferrum,
537 3442 634 3505 turba
657 3442 807 3525 molesia,
830 3462 921 3526 nega

533 3598 650 3664 XLIII.

134 3705 190 3770 Bis
213 3706 275 3769 bibi
297 3704 413 3770 triceni
434 3705 570 3787 fuimus,
592 3705 754 3789 Mancino,
777 3705 883 3770 vocab‘

119 3778 142 3815 ⁶
165 3793 216 3856 Ec
231 3795 383 3878 positum
409 3798 461 3862 est
483 3794 578 3860 nobis
600 3795 650 3860 nil
671 3795 747 3860 here
770 3799 897 3880 praetor
919 3816 1048 3881 aprum,
