2408 4132
49 39 1119 231 ¹3·—
452 39 1167 72 Μ

320 479 617 538 EPIGRAMMATON
635 481 701 536 LIB.
721 480 792 536 XIV.
993 479 1057 545 329

495 642 617 708 Coruus.

95 737 200 803 Corve
225 741 400 821 salutator,
424 761 522 823 quare
545 739 676 803 fellator
698 739 850 804 haberis?

138 826 178 891 In
201 830 298 910 caput
321 828 457 892 intravit
479 828 625 892 mentula
645 827 736 891 nulla
758 831 860 891 tuum.

399 965 527 1033 LXXV.
549 967 709 1033 Lucania.

95 1063 167 1127 Flet
189 1063 372 1129 Philomela
394 1065 485 1128 nefas
508 1064 624 1128 incesti
646 1064 777 1148 TereoS,
800 1069 834 1129 et
856 1086 938 1149 quaa

138 1151 231 1216 Muta
253 1155 363 1238 puella
385 1153 461 1236 fuit,
485 1153 616 1238 garrula
638 1153 740 1217 fertur
763 1154 841 1218 avis.

511 1293 600 1359 Pica.

95 1389 172 1454 Pica
196 1391 314 1475 loquax
337 1393 426 1455 certa
449 1389 615 1455 dominum
637 1394 670 1454 te
693 1412 771 1457 voce
794 1391 914 1456 saluto:

141 1478 174 1542 si
197 1501 249 1542 me
272 1501 338 1543 non
360 1478 483 1563 videas,
507 1475 575 1543 esse
598 1479 733 1563 negabis
757 1501 859 1544 avem.

333 1617 493 1684 LXXVII.
518 1617 619 1685 Geren
640 1621 779 1685 eburnea.

97 1714 133 1780 si
156 1715 217 1779 tibi
240 1717 316 1779 talis
341 1715 414 1799 erit,
439 1716 567 1799 qualem
590 1716 708 1780 dilecta
731 1715 862 1781 Catullo

141 1802 260 1868 Lesbia
282 1804 446 1888 plorabat,
471 1804 523 1870 hic
544 1804 692 1869 habitare
715 1808 833 1887 potest.

450 1945 665 2013 Narthecium.

94 2049 186 2114 Artis
211 2050 291 2114 ebur
314 2049 456 2116 medicae
478 2051 647 2115 narthecia
670 2051 787 2115 cernis:
811 2050 947 2115 habebis

140 2137 287 2221 Munera,
312 2159 392 2221 quae
416 2142 549 2223 cuperet
570 2138 703 2203 Paccius
728 2161 797 2203 esse
822 2160 888 2202 sua.

405 2277 548 2344 LXXIX.
572 2278 707 2361 Flacca.

94 2385 211 2449 Ludite
234 2384 360 2467 lascivi,
384 2384 440 2447 sed
463 2387 592 2448 tantum
615 2383 729 2464 ludite,
752 2383 849 2447 servi:

140 2473 229 2538 Haec
252 2473 382 2558 signata
404 2472 485 2536 mihi
509 2473 650 2557 quinque
673 2471 784 2536 diebus
809 2475 912 2536 erunt.

485 2613 627 2678 Ferulae.

94 2717 224 2783 Invisae
246 2719 383 2783 nimium
407 2721 515 2803 pueris
539 2723 716 2804 grataeque
739 2717 921 2804 magistriS,

140 2806 236 2872 Clara
258 2807 454 2872 Prometheo
478 2829 608 2872 munere
632 2808 724 2891 ligna
748 2829 867 2872 sumus.

429 2947 572 3013 LXXXI.
598 2948 689 3015 Pera.

97 3053 147 3118 Ne
172 3054 319 3118 mendica
341 3055 427 3119 ferat
450 3055 581 3119 barbati
604 3053 740 3140 prandia
762 3054 840 3118 nudi

140 3142 291 3207 Dormiat
313 3147 346 3206 et
370 3142 458 3207 tristi
483 3165 555 3208 cum
579 3165 672 3227 cane,
694 3165 773 3227 pera
791 3147 896 3228 rogat.

495 3282 619 3365 Scopae.

95 3390 135 3454 In
158 3389 262 3472 pretio
288 3411 402 3472 scopas
425 3391 566 3453 testatur
588 3389 698 3471 palma
719 3388 828 3454 fuisse.

141 3478 216 3542 Otia
240 3477 296 3541 aed
319 3477 426 3560 scopis
450 3499 534 3541 nunc
557 3477 705 3541 analecta
729 3476 824 3540 dedit.

348 3615 525 3682 LXXXIII.
548 3617 765 3699 Scalptorium.

95 3725 255 3789 Defendet
277 3746 391 3788 manns
415 3723 495 3788 haec
519 3723 668 3807 scapulas
692 3722 858 3787 mordente
883 3721 1020 3788 molente

137 3813 259 3896 Pulice,
285 3814 334 3878 vel
358 3813 386 3877 si
411 3811 490 3899 quid
511 3811 624 3900 pulice
647 3811 829 3877 sordidum„
