2408 4132
344 289 345 294 Ν
385 325 682 382 uersaanunrou
699 326 766 382 us.
785 328 820 382 11.
857 317 859 322 ’
1064 325 1107 387 43

589 488 619 552 X

145 582 246 650 Basia
269 585 401 650 dimidio
425 585 510 670 quod
532 585 591 649 das
614 541 707 667 inihi,
729 581 901 665 Postume,
923 582 1028 666 labro,

191 672 316 738 haudo:
339 675 416 738 licet
438 674 547 737 demas
568 670 646 737 hinc
670 695 796 757 quoque
820 672 997 737 dimidium.

145 761 206 825 Vis
229 761 305 824 dare
328 761 432 825 maius
457 762 561 825 adhue
585 764 618 825 et
641 761 857 828 inenarrabile
880 759 1019 824 munus?

191 848 262 913 Hoc
285 848 346 912 tibi
368 849 452 913 habe
475 852 594 927 totum,
617 849 784 933 Postume,
804 848 984 912 dimidium.

579 989 634 1053 XI.

147 1095 239 1171 Quod
261 1095 368 1160 fronte
391 1093 513 1160 Selium
534 1095 648 1160 nubila
669 1095 773 1178 vides,
795 1096 892 1180 Rufe,

21 1223 24 1227 .
147 1183 240 1259 Quod
262 1184 446 1248 ambulator
467 1184 629 1268 porticum
652 1185 729 1248 terit
752 1205 867 1262 seram,

147 1271 299 1357 Lugubre
323 1271 475 1354 quiddam
499 1272 584 1355 quod
607 1274 694 1336 tacet
716 1271 810 1356 piger
831 1273 956 1354 vultus,

147 1359 240 1435 Quod
262 1381 363 1443 paene
387 1364 508 1423 terram
531 1381 629 1425 nasus
653 1360 803 1423 indecens
826 1359 951 1446 tangit,

118 1445 241 1522 oQuod
264 1448 376 1512 dextra
398 1451 510 1532 pectus
533 1449 643 1531 pulsat
665 1450 699 1510 et
722 1469 848 1512 comam
873 1447 975 1513 vellit:
1012 1440 1028 1463 ‘

146 1533 222 1600 Non
243 1536 299 1599 ilIe
323 1535 420 1599 amici
441 1536 512 1600 fata
535 1536 626 1622 luget
649 1538 705 1600 aut
726 1535 853 1620 fratris,

15 1673 18 1679 ,
146 1623 292 1707 Uterque
315 1626 411 1687 natus
434 1624 517 1688 vivit
541 1628 573 1687 et
595 1645 709 1707 precor
731 1624 836 1708 vivat,

148 1710 246 1776 Salva
269 1715 319 1775 est
342 1715 373 1775 et
395 1733 475 1776 uxor
499 1712 706 1795 sarcinaeque
729 1712 892 1795 servique,

146 1797 239 1863 Nihil
261 1799 394 1864 colonus
417 1799 596 1883 vilicusque
619 1798 754 1864 decoxit.

102 1904 137 1951 10
146 1886 302 1952 Maeroris
325 1887 425 1971 igitur
448 1909 546 1952 eausa
569 1888 672 1971 quae?
709 1886 807 1952 Domi
831 1892 932 1952 cenat.

571 2027 634 2091 XII

147 2124 230 2190 Esse
249 2125 327 2207 quid
345 2125 406 2189 hoc
421 2124 537 2209 dicam,
553 2078 642 2208 quod
653 2124 742 2189 olent
760 2128 818 2190 tua
836 2125 930 2189 basia
944 2125 1110 2208 myrrham

192 2211 347 2298 Quodque
369 2213 430 2276 tibi
454 2217 503 2276 est
525 2234 691 2297 nunquam
713 2234 779 2277 non
802 2213 925 2276 alienus
950 2212 1051 2277 odor?

146 2299 219 2365 Hoc
242 2301 322 2365 mihi
340 2303 525 2384 suspectum
549 2303 611 2383 est,
635 2300 720 2399 quod
739 2301 806 2364 oles
824 2300 918 2382 bene,
939 2299 1110 2383 Postume,

146 2475 314 2560 Postume,
336 2498 402 2541 non
424 2409 674 2560 berieendldtrqui
696 2476 777 2540 bene
801 2497 927 2559 semper
950 2477 1025 2541 olet.

562 2616 651 2680 XIII.

146 2716 193 2780 Et
214 2715 310 2779 iudex
331 2713 416 2798 petit
438 2718 471 2778 et
493 2715 576 2798 petIt
599 2717 765 2798 patronus.

149 2801 264 2868 Solvas
287 2823 415 2886 censeo,
439 2800 548 2885 Sexte,
571 2802 731 2866 creditori.

567 2941 654 3006 XIV.

147 3041 204 3107 Nil
226 3041 459 3124 intemptatum
483 3037 602 3121 Selius,
625 3039 671 3102 nil
695 3039 815 3124 linquit
837 3038 998 3117 inausum,

192 3128 379 3194 Cenandum
403 3127 551 3211 quotiens
574 3126 641 3190 iam
663 3127 751 3191 videt
774 3148 844 3191 esse
868 3127 963 3191 domi.

149 3216 259 3281 Currit
283 3216 323 3280 ad
346 3214 498 3298 Europen
521 3218 554 3279 et
575 3218 622 3297 te,
644 3214 792 3297 Pauline,
815 3218 953 3297 tuosque

191 3303 318 3369 Laudat
340 3302 521 3386 Achilleos,
545 3302 600 3367 sed
623 3302 691 3367 sine
713 3303 791 3385 fine,
814 3302 920 3387 pedes.

122 3391 183 3459 tssi
205 3392 287 3456 nihil
309 3391 440 3473 Europe
463 3391 553 3473 fecit,
575 3395 646 3454 tum
669 3389 789 3474 Saepta
810 3393 978 3474 petuntur,

193 3479 228 3545 Si
251 3479 328 3564 quid
349 3479 544 3562 Phillyrides
567 3482 711 3562 praestet
734 3481 767 3542 et
789 3479 977 3542 Aesonides

148 3568 234 3633 Hine
248 3589 375 3652 quoque
390 3565 768 3650 deceptusMemphitica
781 3566 905 3650 templa
918 3566 1115 3649 frequentat,

192 3655 329 3722 Adsidet
353 3659 386 3720 et
408 3655 588 3742 cathedris,
607 3657 737 3722 maesta
755 3655 915 3736 iuuenca,
931 3653 1018 3715 huis.
