2408 4132
125 477 187 540 172
450 475 488 530 M.
506 475 585 530 VAL.
605 473 801 528 MARTIALIS

595 636 660 702 XO.

167 745 271 809 lactat
292 745 493 830 inaequalem
516 743 629 809 Matho
653 765 703 806 me
726 742 840 807 fecisse
863 742 1028 807 libellum:

213 831 248 897 si
269 855 380 897 verum
404 837 467 914 est,
489 833 601 896 laudat
625 831 768 895 carmina
790 836 904 896 nostra
925 830 1041 896 Matho

168 921 329 1004 Aequales
352 921 467 986 scribit
489 921 592 984 libros
614 919 764 984 Calvinus
787 924 819 984 et
841 919 978 986 Umber:

211 1009 364 1093 Aequalis
387 1009 470 1072 liber
494 1012 556 1092 est,
579 1006 718 1091 Cretico,
742 1009 799 1091 qui
822 1008 927 1071 malus
951 1011 1010 1072 est

585 1147 667 1214 XCI.

168 1255 218 1319 De
239 1258 368 1339 nostr03
389 1254 539 1339 facunde,
562 1255 636 1332 tibi,
658 1253 834 1337 Iuvenalis,
857 1255 966 1338 agello

213 1341 443 1408 Saturnalicias
466 1343 640 1426 mittimus,
663 1364 747 1425 ecoe,
769 1363 877 1406 nuces.

170 1430 284 1496 Cetera
306 1431 435 1495 lascivis
459 1431 592 1496 donavit
614 1453 712 1515 poma
734 1430 854 1512 puellis

213 1520 361 1584 Mentula
383 1520 526 1584 custodis
550 1519 717 1584 luxuriosa
739 1518 800 1582 dei.

577 1676 677 1743 Xon.

170 1783 223 1869 „Si
246 1784 322 1867 quid
345 1805 426 1868 opus
448 1783 560 1867 fuerit,
583 1785 646 1848 sois
670 1806 721 1847 mc
743 1805 809 1848 non
827 1805 898 1849 esse
916 1781 1118 1869 rogandum“

214 1870 288 1936 Uno
311 1872 362 1935 bis
386 1871 479 1956 dicis,
500 1870 657 1956 Baccara,
679 1877 793 1956 terque
816 1873 875 1938 die.

172 1960 327 2045 Appellat
349 1959 455 2042 rigida
476 1961 580 2025 tristis
603 1982 654 2024 me
677 1982 754 2025 voce
777 1958 954 2027 Secundus:

214 2048 331 2132 Audis,
355 2053 387 2111 et
408 2050 526 2133 nescis,
549 2047 705 2132 Baccara,
729 2049 805 2133 quid
828 2049 873 2114 sit
896 2071 986 2134 opus.

145 2136 288 2202 5Pensio
311 2139 343 2200 te
367 2158 476 2200 coram
498 2137 620 2220 petitur
642 2139 792 2222 clareque
813 2138 1000 2222 palamque=

215 2225 332 2307 Audis,
356 2227 390 2288 et
410 2225 529 2309 nescis,
551 2224 706 2308 Baccara,
730 2225 807 2308 quid
830 2226 874 2290 sit
896 2248 986 2310 opus.

172 2313 254 2378 Esse
278 2334 394 2397 queror
417 2313 604 2398 gelidasque
627 2313 708 2377 mihi
730 2314 889 2398 tritasque
912 2315 1074 2379 lacernase

215 2401 333 2485 Audis,
356 2404 389 2464 et
411 2401 528 2481 nescis,
551 2399 707 2485 Baccara,
731 2402 809 2485 quid
831 2402 875 2467 sit
897 2423 986 2486 opus.

171 2488 243 2554 Hoc
265 2511 345 2572 opus
369 2494 432 2567 est,
456 2489 565 2553 subito
588 2490 648 2554 fias
671 2494 708 2554 ιιι
732 2489 835 2554 sidere
858 2495 983 2571 mutus,

130 2593 162 2642 10
216 2577 329 2642 Dicere
351 2599 393 2641 ne
416 2577 536 2662 possis,
559 2576 714 2643 Baccara:
737 2576 793 2662 ,si
816 2578 893 2661 quid
915 2577 1024 2663 opus“.

572 2734 689 2802 xoln

173 2839 311 2924 Nomia,
334 2841 508 2993 sulphureo
533 2864 630 2927 quam
654 2841 783 2927 gurgite
750 2841 960 2908 tcandidus
984 2843 1091 2908 amnis

218 2926 351 3012 Circuit,
375 2929 507 3012 ancipiti
529 2931 583 2994 vix
606 2930 784 2995 adeunda
774 2952 866 3015 rugo,

174 3015 257 3092 Quid
279 2978 351 3080 tani
372 3039 467 3100 saepe
490 3039 597 3082 meum
619 3019 713 3084 nobis
737 3018 894 3084 abducere
917 3017 1073 3093 Quintum

218 3104 264 3169 Te
286 3103 378 3168 iuvat
400 3110 434 3169 et
456 3105 525 3169 len
511 3109 547 3170 a
569 3107 633 3171 (ιιι
609 3107 744 3172 tinuisse
768 3107 881 3171 mora?

147 3191 258 3266 aQuid
279 3191 476 3258 Nomentani
499 3216 628 3259 causam
651 3195 731 3259 mihi
753 3194 862 3280 perdis
885 3195 1030 3281 agelli,

218 3280 409 3381 Propter
379 3283 520 3346 moinum
543 3283 598 3367 qui
620 3287 693 3368 pret
693 3283 783 3348 iosus
807 3283 900 3347 erat?

175 3368 268 3433 Sed
259 3390 325 3432 1am
348 3390 443 3451 parce
466 3370 546 3434 mihi
568 3393 627 3436 nec
650 3371 782 3436 abutere
788 3370 956 3456 ,Narnia,
980 3370 1115 3448 Quinto:

219 3455 379 3540 Perpetuo
404 3458 550 3523 liceat
524 3481 569 3524 src
592 3460 655 3524 tibi
677 3463 776 3544 ponte
743 3458 872 3524 tfrui.

576 3616 690 3683 xolv

174 3721 384 3806 Unguentum
407 3722 527 3808 fuerat,
549 3723 634 3808 quod
654 3745 739 3809 onyx
757 3725 975 3813 medopam
1034 3722 1140 3849 liat:

209 3808 331 3877 Olfecit
316 3815 432 3899 tpost
434 3836 533 3901 quam
557 3812 712 3902 Papilus,
735 3834 825 3901 ecco,
