2408 4132
127 490 194 555 270
452 486 490 543 n.
508 482 590 544 VAL.
609 480 806 542 naamls
944 573 948 579 “

598 640 663 714 LV.

170 738 331 804 Hortatur
352 738 422 803 fieri
444 737 530 823 quod
551 742 584 802 te
605 737 729 823 Lupus,
751 736 882 821 Urbice,
904 741 1045 822 patrem,

215 827 266 893 Ne
288 826 412 910 credas3
433 826 516 891 nihil
539 829 602 910 est,
625 825 711 910 quod
733 827 840 891 minus
862 826 920 890 ille
941 828 1028 892 velit

172 916 235 981 Ars
259 919 309 980 est
331 914 483 998 captandi
505 914 591 998 quod
611 914 697 980 nolis
718 914 804 980 velle
825 913 941 998 videri3

215 1002 264 1068 Ne
286 1002 389 1068 facias
412 1005 518 1086 optat,
541 1002 627 1086 quod
648 1007 745 1087 rogat
765 1006 804 1067 ut
823 1002 934 1067 facias.

146 1091 268 1157 oDicat
289 1095 520 1176 praegnantem
541 1094 599 1156 tua
622 1112 656 1155 se
679 1089 836 1156 Cosconia
857 1094 1000 1155 tantum:

214 1179 372 1245 Pallidior
393 1179 451 1243 fiet
471 1179 537 1243 ism
559 1178 704 1262 pariente
726 1178 847 1263 Lupus.

173 1268 218 1332 At
239 1272 276 1332 tu
298 1267 433 1332 oonsilio
455 1266 595 1331 videaris
617 1271 655 1331 ut
675 1289 753 1332 usus
776 1267 884 1351 amici,

216 1355 269 1422 Sic
290 1377 428 1439 morere,
450 1361 488 1420 ut
508 1355 631 1420 factum
652 1358 686 1420 tc
708 1358 802 1440 putet
824 1377 893 1420 esse
915 1359 1050 1440 patrem.

173 1559 264 1636 Quod
288 1559 425 1622 nimium
448 1561 601 1641 mortem,
623 1555 823 1623 Chaeremon
840 1555 960 1641 Stoice,
982 1559 1111 1646 laudas,

215 1647 275 1712 Vis
299 1648 442 1712 animum
464 1647 563 1711 mirer
585 1646 822 1731 suspiciamque
845 1647 959 1711 tuum?

171 1734 264 1800 Hauc
286 1735 349 1799 tibi
370 1735 526 1799 virtutem
549 1733 653 1799 fracta
673 1735 753 1799 facit
774 1754 888 1800 urceus
912 1756 1004 1821 ausa,

215 1824 262 1887 Et
284 1823 389 1887 tristis
411 1823 501 1886 nullo
524 1823 579 1906 qui
601 1825 692 1906 tepet
713 1823 789 1908 igue
810 1822 916 1904 focus,

146 1912 218 1977 unt
239 1915 331 1995 teges
354 1915 388 1975 et
411 1911 512 1975 cimex
535 1913 569 1974 et
590 1910 669 1975 nudi
691 1911 814 1994 sponda
837 1910 979 1998 grabati,

216 2000 262 2063 Et
285 1999 392 2064 brevis
416 2002 512 2082 atque
534 1999 647 2063 eadem
668 2002 763 2064 nocte
786 1999 898 2083 dieque
919 2004 1008 2085 toga.

173 2086 199 2153 Ο
224 2110 317 2172 quam
343 2108 480 2172 magnus
503 2086 601 2152 homo
624 2108 672 2170 es,
695 2088 751 2171 qui
772 2087 861 2153 faece
884 2088 1029 2153 rubentis
1050 2091 1137 2155 aceti

86 2220 88 2224 -
215 2177 262 2240 Et
284 2176 405 2260 stipula
428 2179 461 2240 et
483 2176 578 2262 nigro
600 2196 683 2260 pune
706 2196 815 2241 carere
836 2177 943 2259 potest

172 2263 358 2328 Leuconicis
382 2265 520 2350 agedum
542 2267 666 2328 tumeat
688 2265 750 2329 tibi
773 2263 890 2329 culcita
911 2263 995 2329 lanis

130 2368 164 2418 10
217 2350 492 2438 Constringatque
514 2356 589 2417 tuos
611 2375 755 2436 purpura
776 2374 858 2436 pexa
880 2357 984 2436 toros,

172 2440 324 2506 Dormiat
345 2445 378 2505 et
400 2446 521 2524 tecum,
540 2441 595 2525 qui
618 2462 690 2506 oum
713 2441 809 2505 modo
828 2438 980 2506 Caecuba
1000 2441 1117 2508 miscet

217 2528 377 2595 Convivas
400 2549 493 2593 roseo
516 2532 657 2593 torserat
680 2548 735 2593 ore
757 2550 850 2615 puer:

174 2615 200 2682 Ο
246 2639 322 2682 uem
344 2619 381 2680 tu
405 2616 513 2703 cupies
535 2620 585 2680 ter
606 2616 715 2682 vivere
737 2615 886 2682 Nestoris
910 2636 1013 2683 annos

216 2641 263 2770 lit
284 2704 367 2768 nihil
391 2726 429 2769 ex
451 2705 520 2768 ulla
542 2704 674 2789 perdere
697 2704 768 2770 luce
790 2704 893 2770 voles!

132 2807 163 2858 15
173 2793 282 2858 Rebus
305 2793 339 2855 in
363 2793 509 2875 angustis
532 2791 627 2857 facile
651 2796 702 2858 est
724 2797 927 2859 contemnere
950 2792 1067 2859 vitam·

217 2879 361 2945 Fortiter
382 2879 440 2942 ille
461 2878 554 2964 facit,
578 2882 633 2965 qui
656 2881 754 2946 miser
778 2904 847 2948 esse
869 2884 987 2967 potest.

573 3002 680 3070 LVII.

173 3091 316 3176 Miraris,
339 3089 433 3155 docto
457 3090 542 3174 quod
565 3091 709 3157 carmina
731 3094 828 3158 mitto
852 3091 983 3177 severo,

218 3180 269 3245 Ad
293 3200 404 3244 cenam
428 3201 499 3243 oum
523 3182 569 3264 te,
593 3179 685 3244 docte
709 3177 838 3264 Severe,
861 3182 995 3247 vocem?

173 3269 319 3355 Iuppiter
343 3267 506 3332 ambrosia
529 3271 618 3333 satur
639 3272 691 3332 est
713 3271 745 3332 et
766 3273 896 3334 nectare
917 3270 1013 3354 virit3

218 3356 288 3423 Nos
311 3359 421 3421 tamen
443 3360 517 3421 exta
540 3356 611 3422 Iovi
634 3355 731 3423 cruda
754 3379 940 3443 merumque
963 3357 1089 3426 damus.

149 3445 291 3512 oOmnia
314 3467 386 3510 cum
408 3445 470 3509 tibi
493 3446 560 3510 sint
581 3445 666 3510 dono
690 3466 841 3511 concessa
864 3446 1010 3528 deorum,

219 3533 254 3600 si
277 3534 362 3619 quod
384 3533 484 3599 habes
506 3553 571 3600 non
595 3535 658 3618 vis,
681 3554 758 3619 ergo
781 3534 858 3620 quid
881 3534 1041 3620 accipies?
1078 3612 1080 3623 Ι

171 3735 252 3802 Cum
275 3758 330 3802 me
352 3737 435 3803 velle
454 3737 543 3803 vides
566 3647 769 3822 illidium,
786 3736 997 3820 Telesphoro,
1019 3737 1139 3826 sentis,

200 3825 329 3914 Magna
352 3847 456 3918 rogas
478 3864 517 3878 -
539 3832 623 3919 puta
643 3842 698 3896 me
718 3825 805 3895 uelle
822 3845 960 3911 negaret
977 3825 1078 3890 licet?
1093 3863 1137 3876 -
