2408 4132
57 33 903 247 *W
932 33 964 37 ”

374 479 673 537 nelaamnaron
691 481 757 538 ma.
777 483 823 539 m.
1039 483 1104 548 275

518 642 681 709 LXXVII„

137 739 177 802 In
202 739 352 804 omnibus
375 738 519 805 Vacerra
543 741 629 824 quod
652 741 860 806 conclavibus

139 827 309 892 Consumit
330 828 428 893 horas
452 833 485 894 et
508 829 558 892 die
580 831 651 893 toto
676 829 778 912 sedet,

140 914 312 981 Cenaturit
333 915 490 1001 Vacerra,
513 938 580 981 non
604 918 771 984 cacaturit.

509 1064 689 1132 LXXVIII.

139 1163 239 1227 Utere
261 1161 409 1225 femineis
434 1163 668 1248 complexibus,
692 1167 794 1249 utere,
817 1161 943 1248 Victor,

182 1250 399 1335 Ignotumque
424 1250 488 1314 sibi
510 1251 656 1317 mentula
680 1251 782 1317 discat
805 1273 896 1337 opus.

137 1338 304 1402 Flammea
326 1340 480 1403 texuntur
504 1361 656 1424 sponsae,
679 1340 745 1404 iam
768 1340 861 1426 virgo
884 1345 1031 1426 paratur,

183 1426 345 1491 Tondebit
367 1448 484 1509 pueros
507 1428 574 1491 iam
596 1450 682 1493 nova
704 1432 807 1512 nupta
829 1433 913 1495 tuos.

111 1514 313 1581 5Paedieare
336 1515 437 1579 semel
461 1516 575 1599 cupido
600 1517 690 1581 dabit
712 1516 771 1581 illa
795 1517 927 1602 marito,

181 1604 270 1668 Dum
292 1603 407 1667 metuit
430 1604 488 1667 teli
510 1604 644 1669 vulnera
666 1605 772 1689 prima
795 1606 883 1670 novi:

140 1691 275 1776 Saepius
298 1691 360 1757 hoc
382 1692 453 1756 fieri
474 1693 584 1757 nutrix
607 1698 772 1777 materque
796 1716 834 1759 ve
836 1695 978 1817 taabunt

182 1781 228 1844 Et
250 1779 356 1844 dicent
377 1779 499 1863 ,‚‚Uxor
522 1804 589 1846 non
611 1804 704 1867 puer,
728 1783 793 1847 ista
815 1782 950 1848 tibit
901 1783 978 1848 est‘

138 1868 211 1933 Heu
235 1872 336 1953 quant
338 1889 374 1932 os
399 1873 519 1954 aestus,
544 1874 682 1955 quantos
705 1875 763 1954 pat
764 1872 829 1934 iere
853 1871 996 1956 laborm,

95 1976 128 2023 10
184 1955 218 2022 si
241 1957 339 2021 fuerit
362 1979 483 2021 cunnus
506 1980 558 2022 res
580 1960 752 2043 peregrina
774 1959 847 2024 tibi!

137 2046 227 2130 Ergo
253 2044 439 2111 Suburanae
462 2046 601 2110 tironem
623 2046 716 2111 trade
739 2049 924 2148 magistrae

181 2133 246 2198 Illa
268 2135 374 2198 virum
396 2133 505 2197 faciet·
479 2137 506 2216 t,
529 2156 595 2198 non
617 2135 697 2198 bene
721 2135 813 2220 virgo
838 2136 938 2200 docet.

526 2273 671 2338 LXXIX.

139 2372 190 2436 Ad
214 2372 354 2454 primum
378 2369 502 2434 decima
524 2369 665 2472 lapidem
689 2371 782 2473 quod
798 2370 943 2437 venimus
966 2371 1060 2454 hora,

182 2459 360 2561 Arguimur
383 2458 490 2522 lentae
514 2458 647 2522 crimine
670 2459 831 2544 pigritiae

138 2549 277 2615 Nont
228 2553 277 2612 est
290 2548 319 2612 is
321 2547 513 2631 tequidem,
530 2568 596 2611 non
615 2552 665 2612 est
683 2570 767 2631 mea,
786 2548 842 2612 sed
856 2551 914 2612 tua
928 2547 1100 2631 eulpa,
1037 2552 1086 2611 est

183 2637 304 2702 Misisti
326 2635 431 2700 mulas
456 2635 512 2718 qui
534 2635 627 2717 mihi,
649 2634 763 2720 Paete,
785 2640 869 2702 tuas.

534 2775 661 2841 LXXX

138 2876 231 2941 Litus
255 2875 368 2939 beatae
391 2873 527 2938 Veneris
552 2896 683 2938 aureum
706 2874 818 2959 Baias,

137 2964 236 3028 Baias
261 2963 417 3047 superbae
441 2963 560 3027 blanda
584 2962 667 3027 dona
689 2970 837 3048 naturae,

137 3053 185 3117 Ut
208 3052 296 3116 mille
320 3051 460 3134 laudem,
482 3050 609 3135 Flacca,
632 3052 779 3117 versibus
804 3052 916 3136 Baias,

137 3140 291 3205 Laudabo
316 3140 411 3224 digne
434 3162 499 3204 non
523 3140 603 3205 satis
626 3144 736 3204 tamen
759 3140 866 3205 Baias.

110 3229 202 3294 aSed
224 3228 408 3293 Martialem
433 3230 533 3312 ma10,
555 3227 682 3312 Flacca,
706 3250 804 3312 quam
827 3229 934 3292 Baias.

138 3318 258 3400 Optare
282 3321 455 3400 utrumque
479 3318 614 3401 pariter,
637 3319 777 3400 improbi
800 3320 910 3381 votum
935 3319 993 3380 est.

138 3406 229 3481 Quod
252 3406 281 3470 si
305 3406 436 3469 deorum
460 3427 590 3470 munere
613 3405 674 3469 hoc
697 3405 759 3469 tibi
783 3405 888 3488 detur,

139 3495 222 3570 Quid
245 3495 436 3579 gaudiorum
460 3497 510 3558 est
532 3493 695 3558 Martialis
720 3498 753 3557 et
774 3492 887 3556 Baiae!

525 3634 669 3699 LXXXI.

138 3733 221 3799 Cum
235 3756 309 3800 sene
324 3742 525 3798 communem
538 3736 636 3797 vexat
652 3730 751 3815 spado
766 3731 947 3816 Dindymus
963 3729 1109 3813 Aeglen,

137 3823 183 3886 Et
205 3823 289 3887 iacet
312 3823 347 3887 in
369 3819 475 3886 medio
499 3819 585 3888 sicea
607 3821 723 3909 puella
742 3825 834 3888 toro.
959 3919 978 3953 κ

919 3925 961 3974 aa
