2408 4132
423 264 718 322 EPIGRAMMATON
737 267 803 322 LlB.
823 268 856 324 V.
1081 271 1143 334 121

186 428 305 494 Omnes
329 430 621 514 grammaticosque
645 429 855 514 rhetorasque

185 517 332 599 Devites,
355 539 483 581 moneo:
506 517 588 581 nihil
614 517 657 581 sit
678 518 728 581 illi

160 604 269 671 sOum
292 605 385 669 libris
410 603 573 670 Ciceronis
596 608 652 669 aut
673 604 833 690 Maronis3

186 693 305 758 Famae
329 693 487 758 Tutilium
510 714 587 757 suae
610 694 786 777 relinquas3

187 781 222 847 Si
243 802 355 847 versus
377 781 470 864 facit,
494 782 622 846 abdices
644 787 784 866 poetam.
838 848 846 860 ,

186 870 284 934 Artes
308 869 429 934 discere
451 870 522 933 vult
544 870 756 953 pecuniosus?
813 880 865 938 β’

186 957 250 1022 Fac
274 957 377 1022 discat
399 957 604 1037 citharoedus
629 961 685 1022 aut
707 958 891 1048 choraulen
921 949 1054 1078 Q

143 1063 176 1112 10
188 1045 223 1110 Si
247 1045 318 1110 duri
340 1067 419 1130 puer
442 1046 552 1129 ingeni
574 1047 714 1127 videtur,
1120 1061 1121 1064 ’

185 1133 384 1218 Praeconem
405 1134 506 1198 iacias
531 1134 581 1199 uel
604 1136 824 1200 architectum.

594 1283 695 1350 LVII.

188 1379 271 1446 Cum
293 1401 374 1445 voco
396 1384 429 1444 ta
453 1380 632 1464 dominum,
654 1382 723 1446 noli
745 1382 820 1464 tibi,
843 1379 960 1467 Cinna,
983 1383 1125 1468 placere:

233 1468 335 1554 Saepe
359 1468 458 1532 etiam
482 1490 610 1534 servum
633 1469 679 1535 sie
702 1472 843 1534 resaluto
867 1473 968 1536 tuum.

586 1618 704 1685 LVIII.

188 1713 269 1781 Cras
292 1719 325 1780 te
348 1715 521 1800 victurum,
544 1737 615 1780 eras
639 1717 731 1798 dicis,
753 1715 922 1800 Postume,
946 1739 1081 1804 semper.
1189 1720 1193 1729 ’

232 1804 293 1868 Dic
315 1803 409 1888 mihi,
432 1826 503 1869 cras
526 1804 627 1888 istud,
649 1805 816 1887 Postume,
840 1807 966 1890 quando
990 1806 1100 1871 venit?

189 1891 293 1970 Quam
308 1892 407 1977 longe
421 1915 492 1957 cras
506 1892 607 1973 istud,
620 1892 677 1956 ubi
691 1894 763 1957 est?
783 1896 839 1957 aut
857 1894 941 1958 unde
954 1896 1149 1978 petendum?

231 1979 398 2064 Numquid
421 1979 506 2065 apud
528 1979 668 2045 Parthos
691 1980 926 2065 Armeniosque
949 1983 1051 2047 latet?

161 2065 352 2134 nIam'eras
375 2067 463 2132 istud
486 2068 584 2132 habet
606 2067 728 2132 Priami
750 2069 803 2133 vel
825 2068 975 2134 Nestoris
999 2093 1109 2135 annos.

235 2155 314 2223 (tras
337 2156 426 2220 istud
449 2156 577 2239 quanti,
600 2155 650 2220 dic
673 2156 767 2234 mihi,
790 2157 895 2241 possit
918 2158 1003 2222 emi?

189 2243 268 2310 Cras
290 2244 402 2309 vives?
424 2243 520 2308 hodia
542 2243 609 2308 iam
632 2244 752 2328 vivere,
769 2242 937 2329 Postume,
956 2267 1063 2310 serum
1087 2250 1149 2311 est:

231 2332 292 2396 Ille
314 2333 414 2418 sapit,
438 2332 598 2417 quisquis,
620 2332 789 2417 Postume,
811 2333 894 2399 vixit
915 2333 994 2398 heri.

609 2472 692 2538 LIX.

188 2568 282 2646 Quod
294 2592 360 2636 non
375 2573 559 2656 argentum,
574 2569 660 2654 quod
677 2591 744 2638 non
760 2570 822 2635 tibi
841 2571 1003 2637 mittimus
1022 2594 1150 2656 aurum,

232 2657 304 2723 Hoc
326 2659 462 2724 iacimus
485 2680 595 2741 causa,
620 2657 722 2724 Stella
746 2658 875 2743 diserte,
897 2664 963 2726 tua.

189 2746 342 2831 Quisquis
365 2769 485 2834 magna
507 2746 609 2830 dedit,
632 2746 737 2813 voluit
760 2748 823 2812 sibi
846 2770 967 2835 magna
990 2749 1126 2832 remitti;
1188 2816 1190 2820 ,

233 2834 402 2900 Fictilibus
425 2837 545 2901 nostris
569 2839 760 2900 exoneratus
783 2836 855 2901 eris.

616 2975 683 3040 LX.

188 3077 333 3139 Allatres
356 3074 432 3139 lieet
455 3095 555 3157 usque
577 3095 637 3138 nos
662 3077 694 3138 et
716 3095 817 3158 usque

130 3182 133 3187 ·
187 3162 234 3228 Et
258 3162 444 3248 gannitibus
466 3161 624 3247 improbis
647 3164 801 3246 lacessas,

188 3249 322 3315 Certum
345 3254 395 3315 e‘st
416 3250 500 3315 hanc
523 3251 584 3315 tibi
607 3271 783 3334 pernegare
805 3249 940 3330 famam,

190 3337 277 3403 Olim
301 3361 398 3423 quam
420 3339 517 3423 petis,
539 3338 573 3402 in
597 3339 677 3403 meis
699 3338 820 3402 libellis

161 3425 428 3511 cQualiscunque
452 3427 571 3512 legaris
594 3430 632 3490 ut
653 3447 711 3508 per
734 3425 854 3489 orbem.

187 3515 275 3581 Nam
297 3521 331 3580 te
354 3537 410 3580 eur
433 3514 551 3599 aliquis
574 3515 657 3580 sciat
678 3513 801 3577 fuisse?

187 3603 325 3689 Ignotus
346 3602 614 3690 pereasfmiser,
634 3623 771 3670 necesse
793 3603 856 3666 est.
