2408 4132
384 477 677 533 EPIGRAMMATON
694 477 812 533 LIBER.

139 642 191 708 Sic
214 644 312 706 miser
334 641 494 705 instantes
518 641 646 706 adfatus
670 641 787 705 dicitur
809 640 924 706 undas:

182 731 328 816 „Parcite
351 730 427 793 dum
449 751 602 813 propero,
625 729 763 815 mergite
786 750 858 794 oum
881 729 1003 794 redeo.“

535 851 652 917 XXVI.

138 960 232 1023 Lusit
254 958 432 1023 Nereidum
455 957 569 1022 docilis
593 959 710 1023 chorus
734 981 872 1043 aequore
895 963 965 1025 toto

181 1047 226 1112 Et
248 1047 339 1112 vario
362 1046 473 1112 faciles
498 1047 609 1109 ordine
631 1047 737 1131 pinxit
760 1070 868 1132 aquas

137 1136 276 1201 Fuscina
300 1137 393 1199 deute
417 1135 528 1198 minax
550 1132 639 1199 rc'cto
661 1135 738 1220 fuit,
760 1158 881 1202 ancora
904 1159 1015 1219 curvo:

182 1223 382 1290 Credidimus
406 1245 531 1286 remum
554 1223 809 1308 credidimusque
832 1229 948 1309 ratem,

110 1312 182 1377 alut
205 1316 335 1397 gratum
357 1313 466 1376 nautis
489 1311 579 1377 sidus
601 1311 725 1395 fulgere
748 1312 912 1378 Laconum

182 1400 327 1485 Lataque
349 1400 518 1484 perspicuo
541 1399 615 1463 vela
637 1404 762 1465 tumere
786 1402 867 1466 sinu.

134 1487 217 1563 Cuia
240 1493 353 1553 tantas
376 1488 508 1572 liquidis
531 1491 618 1552 artes
642 1489 765 1553 invenit
788 1489 821 1553 in
844 1489 961 1554 undis?
1015 1520 1019 1536 ν

181 1577 249 1642 Aut
272 1578 380 1642 docuit
404 1578 494 1640 lusus
517 1576 577 1640 hos
600 1576 712 1641 Thetis
737 1583 793 1642 aut
816 1577 935 1643 didicit.

528 1698 662 1764 XXVII.

137 1803 272 1870 Saecula
291 1781 552 1889 Carpophorum,
571 1804 705 1888 Caesar,
729 1807 756 1870 si
779 1806 888 1890 prisca
909 1807 1076 1890 tulissent,

180 1894 322 1958 Pooisset
341 1895 446 1959 nullos
468 1894 607 1966 barbara
630 1856 717 1959 terra
738 1894 837 1976 feras,

136 1981 212 2046 Non
234 1981 409 2046 Marathon
431 1986 575 2065 taurum,
597 1981 718 2046 Nemee
741 1945 895 2048 frondosa
917 1971 1057 2065 leonem,

181 2070 283 2134 Arcas
306 2069 502 2134 Maenalium
524 2092 591 2134 non
612 2072 775 2135 timuisset
798 2093 921 2155 aprum.

112 2157 210 2222 5Hoc
233 2163 379 2222 armante
402 2180 517 2222 manus
539 2158 663 2240 hydrae
687 2180 774 2222 mors
797 2181 861 2223 una
882 2159 1011 2244 fuisset,

142 2285 145 2292 »
181 2245 266 2310 Huic
287 2267 440 2331 percussa
461 2245 547 2310 foret
570 2249 641 2310 tota
664 2245 835 2311 Chimaera
857 2248 968 2312 semel:
992 2269 994 2274 ·

136 2333 296 2418 Ignifcros
320 2335 425 2418 possit
411 2335 516 2398 t'sinc
541 2333 693 2400 Colchide
715 2335 848 2419 iungere
871 2333 995 2417 tauros,

181 2422 349 2486 Possitt
312 2426 349 2486 ut
350 2444 483 2505 tamque
505 2421 608 2486 feram
631 2423 757 2487 vincere
780 2421 966 2506 Pasiphaes.

137 2508 172 2573 Si
195 2511 253 2592 sit,
275 2513 312 2574 ut
335 2511 487 2593 aequorei
510 2513 639 2574 revocet
640 2533 678 2574 ur
624 2510 812 2574 tfabula
836 2511 985 2594 monstri,
1041 2537 1043 2542 ·

92 2615 125 2663 ιο
182 2597 347 2662 Hesionen
370 2600 474 2663 solvet
497 2600 584 2663 solus
609 2603 642 2664 et
665 2598 901 2663 Andromedan

134 2685 311 2751 Herculeae
334 2687 440 2751 laudis
462 2691 611 2752 numeret
613 2709 650 2750 ur
673 2686 792 2771 gloria:
814 2688 887 2770 plus
911 2691 963 2752 est

179 2773 236 2839 Bis
261 2775 360 2838 denas
383 2775 506 2860 pariter
528 2776 748 2858 perdomuisse
770 2775 866 2841 feras.

516 2914 667 2979 XXVIII.

135 3020 276 3104 Augusti
299 3021 394 3086 labor
415 3020 468 3085 hic
490 3021 597 3084 fuerat
621 3023 822 3086 committere
846 3022 966 3086 classes

84 3138 87 3142 ⁴
178 3109 223 3173 Et
246 3110 331 3173 freta
353 3109 462 3172 navali
487 3109 607 3174 sollicit
593 3113 662 3174 tare
685 3110 773 3175 tuba.

135 3196 283 3262 Caesaris
303 3197 381 3261 haec
399 3197 504 3261 nostri
522 3220 599 3281 pars
623 3202 673 3262 est
696 3221 759 3282 quo
761 3200 817 3263 ta?
840 3199 953 3262 vidit
907 3202 978 3262 trn
1000 3199 1094 3263 undis

177 3284 222 3348 Ilt
245 3285 339 3349 Thet
316 3291 358 3349 trs
381 3286 510 3371 ignotas
534 3290 566 3350 et
590 3284 726 3350 Galatea
747 3286 845 3368 fcras3

108 3373 225 3438 5Vidit
248 3374 283 3437 in
306 3396 463 3458 aequoreo
486 3374 646 3438 ferventes
669 3376 800 3458 pulvere
823 3397 934 3439 currus

178 3461 224 3526 Et
248 3462 370 3525 domini
394 3462 507 3527 Triton
530 3463 594 3526 isse
617 3463 748 3546 putavit
770 3484 883 3547 equos:

133 3549 282 3634 Dumque
305 3554 399 3634 parat
422 3551 602 3614 saevist
551 3573 587 3614 ra
588 3552 676 3615 tibus
698 3550 767 3615 fera
785 3551 908 3634 proclia
926 3551 1064 3635 Nereus

178 3638 346 3703 Horruit
337 3661 371 3702 rn
376 3624 557 3740 'liquidis'
548 3661 595 3703 1re
617 3639 776 3723 pedestris
801 3640 902 3723 aquis.

133 3724 350 3810 Quidquidet
372 3727 406 3790 in
430 3727 515 3792 circo
539 3731 665 3812 spectat
665 3750 743 3791 ure
745 3727 1042 3813 tamphithcatro

87 3823 146 3885 1⁰
175 3812 284 3898 Dives,
309 3813 472 3902 Caesars
461 3839 504 3905 1o,
528 3818 703 3908 praestitit
724 3817 820 3885 unda
836 3817 920 3882 um
