2408 4132
342 492 648 548 ‘EPIGRAMMATON
664 493 731 550 LIB.
750 493 809 550 XII.
1016 493 1085 558 ‘299

87 653 248 721 rescribit
271 656 427 738 earmina,
451 677 531 739 quae
554 656 668 740 legrmt
691 658 848 721 eacantes.

128 744 231 809 Frons
254 744 334 808 haec
358 744 511 829 stigmate
535 766 602 815 non
624 765 696 808 meo
719 744 860 808 notanda
883 747 941 808 est.

128 946 266 1031 Antiqui
289 967 345 1010 rex
369 966 484 1030 magne
505 946 575 1030 poli
599 945 772 1030 mundique
794 945 933 1031 prioris,-

174 1033 240 1100 sub
265 1056 328 1119 quo
351 1034 445 1118 pigra
468 1035 558 1118 quies
581 1056 638 1100 nec
661 1034 754 1098 labor
777 1035 862 1098 ullus
886 1036 968 1112 erat,

127 1123 196 1188 Nec
218 1123 328 1206 regale
349 1122 447 1186 nimis
468 1122 591 1187 fulmen
613 1143 673 1187 nec
695 1121 829 1186 fulmine
851 1122 953 1207 digni,

172 1209 279 1275 Scissa
300 1232 359 1274 nec
381 1210 422 1275 ad
443 1208 569 1293 Manes,
593 1210 648 1275 sed
671 1210 734 1275 sibi
757 1211 844 1274 dives
866 1210 997 1273 humus:

102 1299 248 1364 aLaetus
271 1299 311 1363 ad
333 1297 414 1362 haec
435 1297 603 1383 facilisque
626 1299 699 1362 veni
721 1297 891 1363 sollemnia
912 1297 1015 1362 Prisci

172 1385 309 1451 Gaudia:
333 1408 406 1451 cum
429 1386 528 1450 sacris
551 1390 585 1450 te
608 1387 790 1451 (1000101εο
813 1386 887 1450 tuis.
974 1380 979 1392 '

127 1475 175 1539 ru
197 1475 345 1540 reducem
368 1474 493 1557 patriae
517 1477 618 1557 sexta,
641 1480 733 1558 pater
756 1474 888 1558 optime,
910 1474 1026 1538 bruma

170 1563 302 1628 Pacifici
324 1561 419 1626 Latia
440 1562 546 1626 reddis
570 1563 610 1626 ab
633 1564 713 1626 urbe
734 1561 870 1628 Numae.

128 1650 253 1734 Cernis,
275 1655 313 1716 ut
335 1650 481 1715 Ausonio
505 1650 621 1715 similis
643 1651 707 1714 tibi
728 1673 849 1735 pompa
870 1650 1005 1715 macello

85 1756 118 1804 10
172 1738 316 1804 Pendeat
338 1743 371 1803 et
395 1742 534 1824 quantus
556 1738 735 1804 luxurietur
756 1739 882 1803 honos?

128 1827 232 1904 Quam
245 1849 310 1892 non
325 1848 421 1912 parea
430 1849 544 1892 manus
554 1827 727 1913 largaeque
737 1827 933 1891 nomismata
941 1848 1085 1910 mensae,
1184 1861 1187 1869 ‚

173 1916 275 1994 Quae,
300 1913 452 1999 Saturne,
474 1914 535 1979 tibi
558 1918 823 2000 pernumerentur
846 1916 946 2000 opes?

127 2004 236 2088 thue
260 2003 302 2068 sit
323 2003 376 2067 his
398 2003 539 2086 pretium
562 2004 685 2068 meritis
709 2007 741 2067 et
764 2004 871 2090 gratia
894 2003 1009 2088 maior,

171 2092 216 2156 Et
238 2093 331 2175 pater
354 2094 386 2154 et
408 2090 497 2176 frugi
520 2091 566 2155 sic
588 2095 645 2155 tua
668 2112 760 2155 saera
783 2092 868 2156 colit.

84 2196 117 2245 15
126 2180 173 2244 At
194 2184 230 2244 tu
254 2181 364 2244 sancte
386 2215 424 2226 -
443 2182 499 2242 tuo
519 2179 565 2243 sic
584 2200 710 2263 semper
728 2200 836 2242 amere
853 2178 1026 2245 Decembri
1045 2215 1082 2225 -

171 2268 240 2333 Hos
262 2267 313 2332 illi
334 2268 446 2332 iubeas
470 2288 565 2350 saepe
588 2266 692 2330 redire
715 2266 791 2331 dies.

126 2470 233 2535 Uncto
257 2469 408 2536 Corduba
430 2378 725 2552 laetioiiilldiafro,

127 2558 242 2623 Histra
264 2562 324 2623 riec
345 2558 452 2621 minus
475 2557 625 2622 absoluta
646 2560 745 2636 testa,

126 2646 205 2711 Albi
227 2668 307 2731 quae
331 2667 463 2731 superas
487 2666 562 2710 ores
586 2643 716 2710 Galaesi

126 2734 226 2800 Nullo
250 2734 371 2799 murice
392 2755 452 2799 nec
474 2755 586 2799 cruore
609 2732 759 2816 mendax,

100 2823 190 2890 sSed
212 2823 323 2887 tinctis
347 2821 501 2908 gregibus
525 2820 630 2887 colore
652 2821 740 2886 vivo:

127 2912 189 2977 Dic
212 2915 332 2994 vestro,
355 2932 451 2996 rogo,
474 2911 517 2974 sit
540 2910 643 2993 pudor
665 2914 794 2994 poetae,

127 2999 196 3065 Nee
219 3000 322 3085 gratis
345 3000 460 3064 recitet
482 3020 571 3063 meos
593 2998 733 3063 libellos.

126 3086 270 3170 Ferrem‚
293 3087 321 3151 si
343 3087 464 3152 faceret
486 3088 590 3152 bonus
613 3089 722 3170 poeta,

127 3175 188 3242 Cui
209 3196 339 3260 possem
361 3175 437 3240 dare
460 3181 588 3239 mutuos
612 3175 750 3240 dolores.

83 3283 116 3330 10
127 3262 313 3347 Corrumpit
336 3263 406 3328 sine
427 3264 549 3328 talione
571 3262 711 3345 caelebs,

126 3352 246 3418 Caecus
269 3351 402 3435 perdere
424 3374 489 3416 non
512 3354 622 3436 potest
645 3350 730 3435 quod
754 3349 870 3415 aufert:

125 3442 182 3505 Nil
206 3444 256 3504 est
279 3439 419 3504 deterius
443 3441 569 3504 latrone
591 3439 691 3503 nudo:

125 3528 182 3594 Nil
205 3529 346 3594 securius
370 3530 421 3591 est
443 3528 529 3592 malo
552 3530 659 3610 poeta.

526 3647 642 3715 LXIV.

124 3739 316 3804 Vincentem
339 3760 450 3804 roseos
473 3738 619 3823 facieque
642 3758 796 3821 comaque
819 3736 986 3802 ministros

170 3827 272 3894 Cinna
295 3849 406 3894 eccum
429 3827 517 3895 fecit
553 3825 663 3894 Cinna
685 3826 954 3915 gulcsusbeme
976 3824 1046 3881 ese.
