2408 4132
91 487 192 555 318,
417 485 555 541 mvsa
573 485 770 540 nunnmrs

381 646 432 713 Οἱ
456 647 564 713 Oleum
587 647 807 729 Venafrauum.

132 745 204 812 Hoo
225 745 289 810 tibi
312 743 470 830 Campani
492 744 621 811 sudarit
642 745 725 810 baca
746 743 895 810 Venafri:

177 833 389 920 Unguentum
412 834 564 917 quotiens
585 833 698 916 sumis,
721 837 755 898 et
776 833 864 898 istud
886 832 963 897 olet

396 973 464 1039 CII.
487 973 610 1039 Garum
631 974 790 1039 sociorum.

132 1071 323 1156 Expirantis
346 1069 449 1135 adhue
472 1070 614 1135 scombri
636 1070 675 1136 de
698 1071 854 1156 sanguine
876 1070 986 1153 primo

177 1160 297 1244 Accipe
318 1158 492 1242 fastosum,
515 1181 760 1243 muneremur,
782 1179 906 1243 garum.

385 1298 469 1365 0111„
492 1300 654 1383 Amphora
674 1302 804 1366 muriae.

133 1397 367 1482 Antipolitani,
387 1397 508 1481 fateor,
531 1419 603 1461 snm
624 1397 694 1463 filia
714 1397 848 1479 thynni:

178 1485 293 1551 Essem
317 1486 346 1551 si
369 1485 522 1568 scombri,
544 1507 611 1551 non
632 1486 696 1550 tibi
718 1485 817 1550 misse
838 1485 952 1550 forem.

424 1625 507 1693 ΟΝ.
528 1627 595 1692 Mu
616 1627 763 1692 Atticum.

133 1721 206 1789 Hoo
227 1724 291 1788 tibi
313 1722 432 1788 Thesei
453 1725 642 1807 populatrix
663 1723 753 1787 misit
774 1721 924 1807 Hymetti

178 1810 330 1876 Pallados
354 1833 374 1875 a
397 1810 487 1876 silvis
508 1811 618 1876 nobile
639 1815 753 1877 nectar
773 1813 853 1897 apis.

442 1949 510 2019 GV.
530 1951 616 2017 Favi
635 1951 743 2018 Sioulu

134 2054 216 2120 Cum
239 2056 363 2122 dederis
386 2054 511 2122 Siculos
534 2058 658 2123 mediae
681 2058 720 2123 de
742 2057 879 2123 collibus
900 2055 1047 2142 Hyblae,

164 2142 351 2230 ’Cecropios
375 2145 462 2211 dieas
484 2149 521 2210 tu
544 2146 622 2211 lieet
643 2167 713 2212 esse
735 2146 836 2215 feros.

469 2285 552 2353 OVI.
573 2287 717 2353 Passum.

136 2392 257 2458 Gnosia
278 2393 408 2459 Minoae
431 2395 544 2477 genuit
565 2393 727 2461 vindemia
749 2391 864 2458 Cretae

178 2480 250 2547 Hoe
272 2483 346 2567 tibi,
370 2483 456 2568 quod
478 2482 619 2546 mulsum
641 2483 792 2568 pauperis
815 2502 887 2547 esse
908 2482 1003 2549 solet.

456 2620 554 2689 (ΝΠ.
576 2621 729 2688 Picatum.

134 2725 225 2791 Haeo
247 2727 285 2792 de
308 2727 440 2794 vitifera
461 2729 589 2794 venisse
610 2729 721 2814 picata
742 2726 870 2794 Vienna

177 2813 228 2880 Ne
251 2814 392 2901 dubites,
414 2817 504 2881 misit
525 2816 683 2881 Romulus
705 2816 775 2901 ipse
797 2816 888 2882 mihi

448 2954 563 3023 0an
587 2957 738 3023 Mutum.

135 3062 246 3128 Attioa
267 3064 452 3127 nectareum
474 3062 616 3127 turbatis
639 3063 737 3128 mella
758 3063 940 3130 Falernum

178 3149 307 3217 Misceri
330 3149 422 3216 deeet
443 3150 506 3217 hoo
528 3172 548 3216 a
571 3149 757 3235 Ganymede
779 3174 911 3218 merum.

455 3290 538 3358 OIX.
560 3292 727 3358 Albanum.

133 3398 205 3464 Hoo
227 3398 266 3464 de
288 3397 455 3465 (laesereis
478 3399 568 3464 mitis
591 3398 754 3464 vindemia
775 3400 864 3464 eellis

176 3486 281 3572 Misit,
303 3487 392 3552 Iuleo
416 3508 498 3571 quae
521 3486 584 3551 sibi
606 3490 717 3552 monte
740 3488 855 3572 placet.

435 3626 500 3693 CX.
523 3627 750 3694 Surrentinum.

128 3732 321 3802 Surrentino
343 3733 452 3801 bibis?
475 3754 534 3799 neo
557 3734 701 3821 murrina
723 3734 812 3818 pieta
832 3755 892 3800 nee
914 3756 1031 3802 aurum

160 3823 280 3895 Sumo
307 3826 437 3897 debunt
462 3822 773 3895 sellebach-tibi
786 3822 868 3887 uiua
885 3844 975 3887 suus.
