2408 4132
450 476 487 530 M.
507 475 587 530 VAL.
607 474 803 530 MARTIALIS

573 688 689 756 XCIII.

170 797 316 881 „Primus
330 797 388 861 ubi
402 795 618 880 est“1nquis,‚
620 817 692 860 eum
706 795 901 860 sittlibermst
902 817 919 859 e
934 795 1136 861 seeundus‘l“
1158 835 1161 841 ·

215 885 298 962 Quid
320 885 454 968 faciam,
477 885 505 949 si
527 884 601 968 plus
623 885 679 947 ille
701 883 833 987 pudoris
855 884 955 948 habe
960 884 977 949 ’ἓ

93 952 258 1037 Τιιι
244 977 355 1038 tamen
377 974 462 1038 huno
485 972 604 1036 fieri
579 994 607 1036 ss
629 973 732 1037 marie
737 973 904 1057 ‚Regule,
926 972 1081 1058 primum,

215 1062 322 1127 Unum
347 1062 385 1126 de
407 1061 504 1125 tilulo
527 1061 643 1124 tollere
665 1062 734 1125 iola
756 1065 858 1144 potes.

396 1486 444 1559 M.
471 1485 577 1558 VAL.
605 1484 868 1557 MARTIALIS

325 1659 929 1758 EPIGRAMMATON

525 1849 657 1914 ornan
678 1850 735 1915 m.

619 2027 644 2093 Ι.

171 2133 243 2198 Hoo
265 2133 328 2197 tibi
350 2133 504 2217 quidquid
526 2132 560 2197 id
584 2137 634 2197 est
656 2133 840 2219 longinquis
864 2135 966 2200 mittit
984 2135 1023 2199 ab
1045 2138 1111 2203 oris

216 2221 321 2286 Gallia
344 2221 510 2286 Romanae
532 2222 662 2286 nomine
686 2222 773 2286 diota
794 2226 897 2304 togae.

172 2311 267 2375 Hune
289 2310 373 2395 legis
396 2314 429 2373 ei
450 2308 564 2375 laudas
588 2310 708 2375 librum
730 2310 869 2375 fortasse
890 2311 1045 2396 priorem:

215 2398 279 2462 Illa
301 2398 353 2462 vel
376 2398 454 2462 haee
477 2419 550 2462 mea
574 2402 662 2482 sunt,
685 2420 765 2483 quae
789 2399 924 2464 meliora
945 2403 1052 2484 putas.

148 2488 251 2552 oPlus
275 2508 353 2551 sane
375 2487 504 2570 placeat
527 2487 658 2550 domina
682 2487 738 2570 qui
761 2490 856 2551 natus
879 2488 915 2552 in
936 2489 1015 2554 urbe
1039 2493 1103 2557 esb:

218 2574 324 2639 Debet
346 2575 431 2639 enim
450 2573 579 2638 Gallum
602 2576 729 2638 vincere
752 2596 852 2639 verna
873 2576 965 2642 liber.

608 2732 651 2796 H.

174 2836 273 2902 (luins
297 2836 346 2900 ris
368 2837 453 2919 fieri,
475 2836 598 2920 libelle,
620 2839 759 2903 munus?

172 2926 305 2990 Festina
327 2924 388 2987 tibi
409 2923 569 2989 vindicem
591 2947 719 3009 parare,

173 3015 223 3080 Ne
245 3014 375 3097 nigram
398 3011 462 3077 cito
484 3018 598 3096 raptus
620 3015 654 3078 in
677 3014 815 3079 eulinam

174 3101 330 3184 Cordylas
353 3101 482 3165 madida
503 3104 596 3186 legas
619 3124 742 3187 papyro

55 3228 65 3247 a
147 3190 236 3255 5Vel
258 3190 340 3253 luris
363 3190 525 3274 piperisve
548 3191 592 3254 sis
616 3192 767 3256 ouonllus.

173 3277 320 3343 Faustini
342 3277 428 3362 fugis
452 3278 486 3342 in
509 3279 637 3342 sinum?
661 3279 783 3362 sapisti.

174 3366 277 3432 Cedro
301 3388 386 3430 nuno
408 3367 484 3430 licei
506 3367 649 3431 ambules
672 3374 845 3451 perunctus

173 3456 219 3520 El
240 3455 357 3520 ironiis
380 3455 508 3539 gemino
532 3455 647 3521 decens
670 3457 791 3522 honore

173 3543 275 3609 Pictis
298 3543 469 3608 luxurieris
492 3544 666 3628 umbilicis,
859 3547 861 3551 ’

131 3650 163 3698 10
173 3632 218 3696 Es
240 3637 272 3696 be
294 3655 438 3716 purpura
460 3631 598 3697 delicata
619 3595 719 3717 velet,

174 3720 219 3785 Et
241 3742 335 3786 coneo
358 3721 474 3786 rubeai
496 3722 654 3807 superbus
677 3684 781 3788 inllex.

156 3808 226 3871 Illo
252 3810 379 3876 rr'ndiee
399 3831 462 3877 nee
484 3809 632 3878 Probum
653 3810 824 3879 bimam.
888 3842 980 3879 ικ-
1042 3835 1045 3839 ·
