2408 4132
340 333 633 391 EPIGRAMMATON
651 333 719 390 LIB.
738 335 797 391 VII.
1009 334 1072 399 153

111 500 182 564 Lux
205 521 278 564 mea
300 520 366 563 non
388 498 515 581 capitur
536 498 632 580 nugis
656 519 757 580 neque
781 497 927 561 moribus
949 497 1036 581 istis,

156 586 224 652 Neo
247 587 395 651 dominae
417 590 530 669 pectus
553 586 634 650 talia
656 585 772 649 damna
795 590 939 650 movent:

112 677 168 740 Bis
192 676 290 741 denos
313 696 449 758 puerum
471 678 695 738 numerantem
717 673 857 757 perdidit
880 695 994 757 annos,

67 782 102 829 ro
156 763 303 828 Mentula
326 765 376 826 oui
398 761 540 826 nondum
564 762 797 846 sesquipedalis
821 765 900 825 erat.

113 1010 191 1086 Quis
213 1007 294 1094 puer
316 1008 369 1073 hio
391 1007 503 1072 nitidis
527 1008 659 1072 absistit
681 1007 851 1073 Ianthidos
873 1008 966 1074 undis

156 1098 202 1163 Et
223 1098 344 1183 fugitat
367 1096 530 1161 dominam
553 1095 680 1161 Naida?
703 1097 858 1180 numquid
880 1097 1006 1180 Hylas?

113 1186 140 1252 0
163 1188 257 1270 bene,
281 1185 367 1270 quod
390 1185 473 1249 silva
495 1184 613 1249 colitur
635 1185 827 1268 Tirynthius
849 1185 915 1248 ista

157 1274 203 1339 Et
226 1274 312 1358 quod
336 1273 508 1338 amatrices
532 1277 601 1337 tam
622 1295 723 1357 prope
747 1277 855 1350 servat
878 1273 992 1357 aquas!

86 1363 251 1429 aseensus
274 1361 352 1426 licet
374 1362 434 1426 hos
456 1361 578 1445 fontes,
602 1362 770 1446 Argynne,
792 1361 971 1425 ministres:

158 1451 216 1516 Nil
238 1450 359 1515 facient
382 1448 567 1532 Nymphae:
589 1472 629 1513 ne
653 1449 732 1514 velit
754 1449 837 1533 ipse,
860 1471 945 1514 cave.

528 1597 616 1664 XVI.

113 1697 200 1762 Aera
222 1696 310 1761 domi
331 1717 399 1760 non
422 1699 512 1780 sunt,
535 1701 684 1780 superest
706 1697 782 1781 hoc,
799 1696 936 1782 Regale,
955 1696 1074 1780 solum,
1093 1752 1123 1784 s

157 1784 204 1850 Ut
227 1789 284 1849 tua
306 1784 483 1849 vendamus
507 1806 653 1850 munera:
676 1784 834 1870 numquid
857 1785 960 1850 emis?

520 1923 625 1990 XVII.

113 2023 210 2088 Ruris
232 2021 433 2086 bibliotheca
455 2022 599 2106 delicati,

113 2111 265 2176 Vicinam
287 2110 376 2176 videt
398 2110 482 2175 unde
504 2110 609 2175 lector
630 2112 757 2196 urbem,

113 2199 205 2264 Inter
227 2198 372 2263 carmina
394 2198 558 2262 sanctiora
585 2199 614 2263 si
637 2199 709 2282 quis

113 2287 268 2352 Lascivae
291 2286 390 2357 fuerit
412 2287 503 2351 locus
526 2286 674 2372 Thaliae,

87 2375 185 2441 5Hos
207 2374 284 2439 nido
307 2375 386 2439 licet
408 2375 531 2438 inseras
554 2375 607 2439 111
629 2375 709 2459 imo,
970 2435 981 2451 ,

116 2463 247 2547 Septem
271 2484 352 2547 quos
375 2462 439 2527 tibi
461 2463 609 2528 misimus
632 2463 761 2528 libellos
899 2457 964 2545 s

114 2551 268 2632 Auctoris
293 2551 417 2616 calamo
441 2551 492 2616 sui
513 2555 662 2638 notatos:

113 2638 203 2704 Haeo
226 2639 292 2704 illis
314 2639 458 2723 pretium
479 2639 560 2704 facit
582 2639 690 2704 litura.

113 2728 161 2792 At
184 2731 222 2792 tu
243 2749 374 2791 munere
397 2727 543 2792 delicata·
558 2751 660 2812 parvo

71 2834 104 2881 10
115 2815 203 2891 Quae
227 2816 410 2880 cantaberis
434 2817 512 2881 orbe
534 2821 615 2882 nota
636 2819 731 2902 toto,-

114 2905 238 2989 Pignus
262 2904 403 2986 pectoris
425 2905 487 2970 hoc
510 2905 575 2969 mei
596 2909 701 2990 tuere,

115 2992 179 3056 Iuli
202 2991 402 3057 bibliotheca
424 2992 595 3057 Martialis.

510 3133 631 3200 XVIII.

115 3229 197 3296 (lum
220 3231 283 3295 tibi
305 3231 349 3296 sit
371 3229 486 3313 facies,
508 3231 547 3295 da
571 3253 636 3315 qua
656 3253 716 3296 nec
738 3231 859 3296 famina
881 3231 988 3316 possit

158 3319 289 3402 Dicere,
312 3340 385 3383 cum
408 3340 525 3402 corpus
547 3320 639 3383 nulla
661 3320 761 3383 litura
781 3324 888 3403 notet,

115 3407 182 3472 Cur
204 3411 237 3471 te
260 3410 329 3471 tam
351 3429 445 3477 rarus
470 3407 581 3491 cupiat
603 3412 793 3492 repetatque
816 3407 956 3491 fututor,

158 3495 311 3559 Miraris?
346 3494 476 3560 virium
498 3498 549 3560 est
571 3518 638 3560 non
660 3496 744 3580 leve,
767 3495 874 3579 Galla,
897 3495 974 3559 tibi:

88 3583 248 3649 5Acoessi
273 3583 422 3666 quotiens
446 3583 486 3647 ad
509 3605 590 3668 opus
614 3584 789 3669 mixtisque
811 3605 979 3649 movemur

158 3671 365 3759 Inguinibus,
389 3693 513 3740 cunnus
534 3695 606 3740 non
625 3676 735 3760 tacet,
749 3673 833 3759 'ipsa
849 3677 959 3735 taces.
