2408 4132
317 472 612 528 neiausuuuron
630 473 697 528 niu.
716 472 789 530 XIV.
994 472 1060 539 335

400 636 518 700 Fascia
538 637 709 717 pectoralis.

95 732 210 797 Fascia
234 735 411 798 crescentes
435 731 583 796 dominae
607 753 776 814 compesce
798 731 951 815 papillam,

140 820 186 884 Ut
208 822 252 886 sit
275 821 360 904 quod
382 822 490 903 capiat
513 825 626 885 nostro
649 823 802 904 tegatque
826 842 949 884 manus.

379 959 536 1025 CXXXV.
561 960 734 1026 Cenatoria.

95 1056 163 1121 Nec
187 1056 260 1121 fora
284 1060 359 1121 sunt
380 1058 474 1122 nobis
497 1079 557 1121 nec
581 1060 655 1120 sunt
680 1056 863 1121 vadimonia
884 1059 977 1121 nota:

139 1144 210 1209 Hoc
235 1167 316 1228 opus
340 1149 403 1229 est,
425 1145 522 1229 pictis
547 1145 733 1210 accubuisse
755 1147 846 1209 toris

402 1284 575 1350 CXXXVI.
598 1286 715 1350 Laeua.

96 1382 255 1465 Tempore
278 1382 417 1446 brumali
441 1406 506 1447 non
529 1382 665 1446 multum
689 1382 775 1446 levia
798 1387 947 1465 prosunt:

142 1470 326 1535 Calfaciunt
350 1471 419 1535 villi
441 1471 544 1555 pallia
567 1475 674 1534 vestra
697 1470 767 1536 mei.

315 1610 508 1678 CXXXVII.
530 1612 687 1677 Lacernae
709 1612 803 1676 albae.

96 1709 371 1792 Amphitheatrali
395 1731 454 1773 nos
479 1709 739 1774 commendamus
763 1709 803 1773 ab
826 1730 900 1791 usu,

143 1797 226 1861 Cum
248 1803 337 1883 teget
361 1798 507 1883 algentes
532 1798 607 1861 alba
629 1798 760 1862 lacerna
783 1801 887 1883 togas.

370 1936 578 2004 CXXXVIII.
600 1940 746 2004 Mantele.

96 2043 249 2108 Nobilius
273 2045 390 2108 villosa
413 2048 527 2128 tegant
550 2044 611 2108 tibi
633 2045 737 2109 lintea
761 2045 890 2108 citrum:

142 2132 283 2197 Orbibus
306 2133 341 2197 in
363 2132 485 2196 nostris
509 2134 645 2197 circulus
670 2154 739 2196 esse
762 2135 880 2216 potest.

306 2271 478 2337 CXXXIX.
502 2272 622 2339 Cuculli
643 2273 812 2336 Liburnici.

96 2378 237 2464 Iungere
259 2381 392 2443 nescisti
415 2379 523 2456 nobis,
548 2401 567 2443 o
592 2378 705 2459 stulte,
728 2377 888 2442 lacernas:

142 2466 297 2532 Indueras
321 2467 426 2549 albas,
450 2490 538 2543 exue,
553 2467 717 2531 callainis.

368 2607 461 2673 CXL.
490 2607 609 2673 Udones
631 2606 742 2671 Cilicii.

97 2713 173 2779 Non
196 2714 256 2778 hos
279 2714 355 2779 lana
378 2714 479 2795 dedit,
503 2713 559 2778 sed
581 2712 698 2777 olentis
722 2712 823 2776 barba
846 2710 969 2776 mariti:

142 2801 302 2888 Cinyphio
325 2802 447 2887 poterit
469 2803 582 2884 planta
604 2801 705 2866 latere
729 2801 809 2864 sinu.

408 2942 516 3008 CXLI.
540 2942 706 3026 Spretiesis.

98 3050 181 3114 Dum
206 3053 286 3135 toga
309 3071 365 3132 per
389 3050 502 3133 quinas
526 3051 645 3134 gaudet
667 3048 868 3133 requiescere
890 3046 990 3130 luces,

142 3138 211 3202 Hos
235 3139 357 3222 poteris
381 3138 486 3203 cultus
510 3159 635 3202 sumere
658 3137 728 3202 iure
750 3141 816 3203 tuo.

419 3276 544 3343 CXLII.
567 3279 688 3344 Focale.

98 3383 131 3448 Si
155 3386 347 3450 recitaturus
372 3385 488 3450 dedero
510 3385 572 3450 tibi
594 3384 678 3449 forte
701 3382 862 3465 libellum,

142 3473 211 3538 Hoc
233 3473 337 3539 focale
360 3478 433 3538 tuas
457 3475 586 3539 adserat
610 3472 778 3537 auriculas.

303 3612 446 3678 CXLIII.
473 3613 607 3678 Tunicae
629 3613 810 3677 Patavinae.

96 3719 228 3785 Vellera
250 3723 444 3786 consumunt
466 3719 644 3785 Patavinae
668 3719 772 3782 multa
794 3717 930 3800 trilices,

141 3811 185 3873 Et
205 3810 342 3894 pingues
366 3809 493 3875 tunicas
518 3830 611 3875 serto
632 3829 746 3874 secere
766 3811 895 3893 potest.
