2408 4132
318 513 613 571 EPIGRAMMATON
631 516 699 571 LIB.
718 516 791 572 XIV.
994 515 1058 581 323

387 675 474 744 XIV.
499 678 573 742 Tali
593 679 723 744 eburnei.

97 771 176 836 Cum
202 772 328 837 steterit
349 773 459 836 nullus
483 775 574 838 vulin
596 775 659 839 eibi
681 776 768 839 talus
792 775 916 858 eodem,

141 859 276 925 Munera
299 882 349 924 me
373 862 457 926 diaes
480 883 601 946 magua
624 863 748 928 dedisse
770 865 841 929 libi.

481 1003 631 1068 Tesserae.

96 1098 127 1162 N
130 1119 172 1161 ou
195 1098 256 1162 sim
278 1098 421 1162 talorum
443 1120 577 1163 numera
599 1102 817 1184 pertemere,
840 1100 916 1165 dum
941 1102 984 1165 sit

141 1185 258 1269 Maior,
282 1209 379 1271 quam
401 1187 492 1270 iulis,
516 1188 587 1251 alea
611 1209 706 1271 saepe
729 1189 817 1252 mihi.

412 1325 501 1391 XVI.
526 1327 700 1393 Turricula.

98 1424 185 1499 Quae
209 1424 271 1488 seii
294 1425 490 1508 compositos
510 1446 624 1489 manus
644 1424 792 1508 improba
810 1426 938 1492 mittere
957 1427 1054 1510 talos,

141 1510 175 1575 Si
197 1534 255 1597 per
277 1533 329 1576 me
351 1510 454 1596 misit,
476 1512 524 1576 nil
545 1512 610 1577 uisi
632 1517 709 1578 vota
731 1513 822 1580 feret.

355 1650 458 1716 XVII.
484 1652 604 1717 Tabala
627 1654 752 1719 iasaria.

96 1747 167 1812 Hae
190 1748 271 1812 mihi
293 1749 344 1813 bis
368 1771 445 1814 seua
467 1753 656 1814 numeratur
677 1754 802 1814 tessera
824 1756 955 1838 punci03

140 1834 292 1901 Calculus
314 1838 375 1902 hae
398 1837 525 1923 gemino
550 1836 689 1903 discolor
710 1839 804 1904 hoste
826 1840 920 1924 perit.

297 1976 417 2042 xum.
441 1977 523 2062 (xx,
548 1977 659 2064 sun.)
683 1978 809 2044 aurare.

95 2081 328 2146 Insidiosorum
352 2084 380 2146 si
402 2082 485 2147 ludis
508 2083 596 2147 bella
619 2084 796 2168 latronum,

141 2168 313 2235 Gemmeus
336 2171 399 2234 iste
420 2171 482 2234 tibi
505 2171 598 2235 miles
621 2176 654 2235 ei
676 2172 781 2236 hostis
804 2173 875 2237 erit.

296 2309 383 2374 XIX.
408 2309 541 2394 (XVIII.
565 2308 675 2396 Sehn.)
698 2311 809 2378 Nares.

95 2417 177 2481 Alea
198 2439 300 2502 parva
321 2437 419 2481 nuues
443 2421 477 2480 et
498 2438 564 2481 nan
587 2418 742 2481 damnosa
764 2416 904 2502 videIur3

140 2504 241 2589 Saepe
264 2509 373 2569 iumen
395 2504 502 2589 pueris
526 2505 662 2570 abstulit
685 2505 742 2569 ille
763 2509 865 2570 netes.

243 2644 312 2710 XX.
337 2643 436 2732 (XIX.
460 2641 570 2731 Schn.)
596 2645 696 2710 Tleea
719 2646 858 2711 libraria.

95 2750 236 2816 Sortitus
259 2751 387 2816 thecam
410 2750 543 2814 calamis
567 2773 693 2815 armare
715 2755 891 2816 memeniot

140 2837 255 2904 Cetera
277 2861 336 2904 nos
359 2839 516 2921 dedimus,
539 2844 574 2903 iu
598 2839 721 2904 leviora
743 2862 831 2925 para.

436 2979 670 3064 Graphiarium.

94 3085 184 3151 Haec
207 3085 268 3149 tibi
290 3090 385 3150 erunt
408 3090 533 3151 armeta
557 3107 614 3151 suo
639 3084 826 3171 graphiaria
848 3087 947 3152 ferro:

140 3173 174 3238 Si
196 3195 295 3258 puero
320 3175 431 3258 donee,
453 3196 519 3238 non
542 3175 612 3239 leve
635 3196 752 3238 munus
776 3176 847 3239 erii.

361 3313 464 3378 XXII.
487 3313 740 3397 Dentiscalpium.

93 3420 278 3485 Lentiscum
302 3420 427 3484 melius:
453 3419 507 3484 sed
530 3419 558 3484 ei
581 3419 642 3483 tibi
664 3419 798 3483 frondea
820 3418 928 3503 cuspis

137 3508 299 3592 Defuerit,
322 3509 433 3572 denies
455 3508 556 3592 pinna
578 3507 686 3571 levare
709 3509 823 3590 polest.

431 3649 672 3729 Auriscalpium.

94 3753 128 3820 Si
150 3754 213 3819 libi
234 3776 365 3820 morosa
387 3754 555 3838 prurigine
577 3752 739 3817 verminat
761 3752 869 3835 auxie,

134 3842 237 3906 Arma
259 3843 372 3908 (lamus
396 3843 498 3909 tantis
524 3847 608 3931 apia
626 3841 846 3908 Iiuiiuiiuuu.
879 3928 942 3990 w
