2408 4132
120 442 166 505 44
265 412 267 416 ⁴
442 441 480 496 n.
498 439 580 494 111.
599 438 804 494 1111111113

167 604 247 668 Inde
270 604 354 687 petit
377 607 504 669 eentum
526 601 702 686 pendentia
723 603 812 665 tecta
833 601 1003 684 columnis,

123 709 156 756 10
210 690 306 756 Illinc
328 691 462 774 Pompei
485 690 569 755 dona
590 709 769 772 nemusque
792 688 918 771 duplex.

167 779 235 844 Nee
257 778 429 845 Fortunati
451 778 576 862 spernit
598 800 658 843 neo
680 778 798 842 balnea
820 775 946 860 Fausti,

210 866 278 932 Nee
301 867 406 951 Grylli
428 865 581 930 tenebras
604 865 814 947 Aeoliamque
835 864 933 949 Lupi:

167 954 252 1020 Nam
275 955 410 1020 thermis
433 955 550 1018 iterum
571 955 673 1018 ternis
695 953 875 1036 iterumque
897 954 1035 1018 levatur.

212 1042 328 1108 Omnia
351 1066 424 1108 eum
445 1042 536 1119 feeit,
560 1042 615 1106 sed
638 1043 791 1106 renuente
814 1041 887 1118 deo,

125 1130 268 1196 15L0tus
292 1131 333 1195 ed
355 1131 502 1212 Europes
525 1130 653 1213 tepidae
675 1129 796 1193 buxeta
818 1129 968 1213 recurrit,

210 1217 245 1283 Si
269 1220 340 1303 quis
363 1217 411 1282 ibi
433 1238 539 1282 serum
562 1221 674 1300 carpat
697 1216 819 1281 amiens
842 1216 915 1282 iter.

167 1307 227 1371 Per
249 1311 283 1371 te
305 1327 425 1390 perque
447 1309 551 1383 tuam,
573 1309 686 1370 vector
708 1304 841 1385 lascive,
864 1304 1022 1388 puellam,

210 1393 263 1458 Ad
285 1416 397 1460 eonem
420 1391 541 1458 Selium
565 1398 615 1476 tu,
638 1414 733 1478 rogo,
756 1395 862 1471 tanne,
886 1413 972 1457 vooa.

589 1551 659 1615 XV.

130 1724 134 1733 ,
167 1657 259 1734 Quod
281 1658 364 1722 nulli
386 1658 519 1723 calicem
541 1660 636 1721 tuum
659 1655 828 1740 propinas,

166 1745 315 1810 Humane
337 1746 431 1825 facis,
455 1745 589 1823 Horme,
612 1765 678 1808 non
702 1745 848 1827 superbe.

203 1928 308 1953 *s
582 1902 671 1968 XVI.

167 2008 276 2074 Zoilus
300 2013 462 2095 aegrotat:
484 2009 609 2075 faciunt
630 2008 715 2073 hano
738 2009 884 2092 stragula
906 2008 1040 2074 febrem.

211 2097 246 2162 Si
267 2098 366 2163 fuerit
389 2120 500 2180 sanus,
523 2097 652 2163 eoeeinu
675 2097 751 2180 quid
773 2096 916 2161 facient?

166 2184 250 2259 Quid
272 2189 363 2251 torus
387 2209 406 2250 a
428 2185 521 2269 Nilo,
545 2185 621 2271 quid
644 2183 761 2250 Sidone
783 2185 905 2249 tinetus
929 2184 1051 2249 olenti?

211 2274 361 2339 Ostendit
383 2275 502 2339 stultas
526 2274 603 2359 quid
624 2273 688 2338 nisi
711 2273 844 2337 morbus
863 2273 961 2356 opes?

60 2353 85 2442 l
140 2361 252 2437 sQuid
275 2363 337 2427 tibi
359 2384 432 2427 eum
455 2362 608 2427 medicis?
636 2361 763 2425 dimitte
785 2359 981 2425 Machaonas
1005 2382 1130 2434 omues

210 2449 270 2514 Vis
293 2451 364 2515 fieri
388 2451 508 2515 sanus?
532 2450 679 2536 stragula
702 2470 792 2513 sume
815 2470 896 2512 mea.

574 2607 678 2672 XVII.

167 2713 320 2777 Tonstrix
343 2712 487 2778 Suburae
509 2713 656 2778 faucibus
680 2713 770 2776 sedet
792 2713 920 2798 primis,

168 2799 307 2866 Oruenta
329 2801 470 2883 pendent
493 2822 557 2883 qua
580 2801 712 2885 flagella
735 2805 896 2866 tortorum

168 2888 312 2972 Argique
334 2889 436 2952 letum
460 2891 581 2952 multus
605 2889 733 2953 obsidet
757 2892 857 2953 sutor.

168 2974 230 3040 Sed
251 2976 316 3040 ista
338 2975 492 3058 tonstrix,
513 2975 699 3059 Ammiane‚
721 2999 788 3041 non
809 2976 935 3059 tondet,

141 3063 243 3129 tNon
265 3063 393 3147 tondet,
415 3063 556 3148 inquam.
594 3064 677 3139 Quid
699 3066 800 3150 igitur
821 3065 922 3130 fucit?
959 3064 1067 3130 Redit.

255 3238 409 3294 f‘*
562 3223 684 3289 XVIII.

167 3325 270 3410 Capto
293 3330 397 3410 tuem,
415 3328 515 3413 pudet
532 3329 608 3413 heu,
627 3330 684 3394 sed
702 3333 811 3413 eapte,
829 3328 983 3412 Maxime,
1002 3351 1129 3415 uenam,

211 3415 259 3479 Tu
282 3419 395 3499 eaptus
419 3416 530 3480 uliam:
553 3417 619 3480 iam
642 3439 754 3482 sumus
777 3438 855 3500 ergo
878 3439 982 3502 pares.

167 3502 263 3589 Mane
287 3505 464 3568 salutatum
486 3504 595 3589 venio,
618 3508 656 3569 tu
679 3506 793 3569 diceris
817 3507 882 3570 isse

32 3565 72 3641 Χ
210 3591 297 3656 Ante
311 3589 509 3665 lsalutatum:
532 3593 598 3656 iam
621 3615 732 3658 sumus
757 3614 834 3679 ergo
857 3616 961 3677 peres.

141 3679 247 3744 esum
271 3701 378 3746 eomes
401 3680 471 3764 ipse
492 3684 569 3745 tuus
592 3681 771 3769 tumidique
795 3683 1004 3746 anteambulo
1027 3682 1129 3768 regis,

208 3768 257 3832 Tu
280 3790 389 3835 eomes
412 3769 560 3835 alterius:
583 3769 649 3835 iam
672 3791 783 3834 sumus
807 3791 885 3856 ergo
907 3790 1013 3853 peres.

697 4042 794 4070 Α
