2408 4132
77 35 890 252 'im-‘¹’
921 35 955 41 ’

366 465 658 522 EPIGRAMMATON
678 466 743 522 LIB.
762 467 822 526 XII.
1030 467 1094 532 287

137 629 223 692 Dum
246 650 304 712 per
326 627 439 691 limina
462 631 495 690 te
514 629 732 712 potentiorum

112 717 290 781 tssudatrix
313 719 393 800 toga
415 715 555 779 ventilat
577 737 758 801 vagumque

137 805 242 869 Maior
265 802 392 869 Caclius
418 807 450 866 et
474 804 578 868 minor
601 804 755 889 fatigant:

137 893 188 957 Me
213 894 331 957 multos
354 892 492 974 repetita
515 896 590 975 post
612 892 806 958 Decembres

137 981 273 1064 Accepit
296 1001 369 1044 mea
390 980 608 1064 rusticumque
631 980 709 1046 fecit

137 1069 227 1133 Auro
250 1068 380 1131 Bilbilis
404 1072 437 1131 et
459 1070 599 1152 superba
620 1069 717 1134 ferro.

96 1158 199 1222 luHic
223 1156 310 1241 pigri
333 1157 468 1221 colimus
491 1158 602 1221 labore
627 1157 711 1222 dulci

138 1245 313 1309 Boterdum
337 1244 547 1328 Plateamque
565 1281 609 1291 -
627 1244 798 1311 Celtiberis

139 1334 226 1397 Haec
251 1338 326 1397 sunt
348 1333 480 1397 nomina
504 1334 661 1399 crassiora
683 1334 778 1398 terris
800 1358 854 1399 -:

137 1420 268 1505 Ingenti
289 1421 379 1485 fruor
401 1421 612 1505 improboque
636 1444 762 1505 somno,

138 1510 240 1585 Quem
264 1531 322 1574 nec
345 1510 443 1573 tertia
467 1531 563 1593 saepe
585 1512 707 1595 rumpit
729 1511 824 1593 hora,

95 1598 182 1663 1sllt
206 1602 311 1662 totum
334 1597 414 1661 mihi
436 1619 520 1661 nunc
543 1619 677 1682 repono,
702 1599 855 1684 quidquid

138 1687 202 1750 Ter
225 1686 322 1750 denos
346 1686 557 1769 vigilaveram
581 1708 638 1771 per
661 1709 771 1751 annos.

138 1774 257 1857 Ignota
280 1776 330 1838 est
353 1777 445 1860 toga,
468 1775 523 1838 sed
547 1774 641 1839 datur
663 1776 788 1859 petenti

137 1864 248 1947 Rupta
270 1863 419 1945 proxima
441 1863 540 1927 vestis
564 1885 582 1927 a
606 1864 766 1934 cathedra.

139 1951 331 2036 Surgentem
354 1950 445 2015 focus
468 1952 587 2035 excipit
610 1954 748 2035 superba

93 2057 128 2103 20
138 2039 246 2103 Vicini
269 2043 357 2103 strue
380 2039 485 2103 cultus
508 2039 621 2123 iliceti,

138 2127 243 2191 ¹Multa
265 2127 360 2191 vilica
384 2148 478 2210 quem
501 2132 635 2191 coronat
658 2128 731 2191 olla.

138 2215 282 2279 Venator
306 2217 464 2299 sequitur,
487 2215 542 2278 sed
565 2215 621 2279 ille
645 2236 739 2298 quem
762 2219 799 2280 tu

140 2304 269 2368 Secreta
292 2305 402 2387 cupias
425 2301 544 2366 habere
567 2303 663 2381 silva3

139 2392 316 2473 Dispensat
338 2391 446 2475 pueris
469 2396 626 2475 rogatque
650 2391 764 2474 longos

93 2497 127 2544 25
138 2479 233 2543 Levis
257 2501 376 2562 ponere
398 2478 511 2543 vilicus
536 2479 679 2563 capillos.

139 2568 192 2632 Sic
215 2589 265 2630 me
288 2568 409 2650 vivere,
433 2566 479 2630 sic
501 2567 591 2632 iuvat
613 2569 729 2652 perire.

554 2725 640 2790 XIX.

138 2832 175 2896 In
200 2831 335 2896 thermis
360 2832 459 2896 sumit
482 2831 638 2916 lactucas,
663 2854 736 2915 ova,
759 2832 929 2917 lacertum,

183 2921 228 2984 Et
250 2942 363 2984 cenare
387 2920 473 2984 domi
497 2941 531 2984 se
553 2923 654 3006 negat
677 2919 846 2986 Aemilius.

562 3079 633 3144 XX.

140 3185 244 3259 Quare
267 3207 334 3250 non
356 3185 486 3270 habeat,
508 3185 657 3268 Fabulle,
680 3186 808 3269 quaeris

139 3273 279 3338 Uxorem
303 3273 502 3339 Themison?
525 3274 625 3339 habet
649 3295 800 3340 sororem.

557 3431 643 3498 XXI.

138 3538 335 3622 Municipem
358 3539 455 3624 rigidi
479 3539 549 3622 quis
574 3541 621 3622 te,
645 3536 809 3620 Marcella,
834 3533 962 3600 Salonis

183 3626 228 3690 Et
251 3628 392 3713 genitam
415 3626 536 3692 nostris
560 3628 632 3710 quis
655 3630 748 3709 putet
772 3647 841 3689 esse
865 3624 964 3688 locis?

139 3713 221 3780 'Pam
244 3737 367 3800 rarum,
390 3719 459 3780 tem
482 3715 573 3778 dulce
596 3717 691 3797 sapis.
728 3714 858 3778 Palatia
881 3713 1000 3792 dicent,

183 3803 356 3869 Audierint
378 3805 461 3870 site
484 3802 537 3868 vel
560 3804 676 3890 semel,
699 3824 771 3868 esse
793 3824 912 3885 suam„
