2408 4132
378 306 675 393 neroannuanou
692 339 759 394 nm.
779 341 799 393 1.
1051 340 1089 404 17
1125 317 1138 325 ’”

103 499 218 565 oAnte
240 500 326 567 fores
350 503 494 566 stantem
518 499 646 564 dubitas
671 502 841 566 admittere
863 501 999 566 Famam

175 589 284 673 Teque
306 590 398 675 piget
421 611 516 653 curae
538 589 684 673 praemia
705 588 790 654 ferre
812 591 910 655 tuae?

129 677 210 743 Post
232 682 265 741 te
286 679 431 742 victurae
453 699 511 760 per
533 683 566 740 te
590 698 717 761 quoque
741 677 847 742 vivere
870 677 1003 743 chartae

173 765 351 850 Incipient:
374 766 475 831 cineri
498 765 605 850 gloria
627 762 699 830 sera
722 768 818 830 venit.

528 896 646 964 XXVI.

130 994 321 1073 Sextiliane,
344 995 429 1059 bibis
453 998 610 1080 quantum
634 995 790 1061 subsellia
814 997 954 1082 quinque

174 1082 283 1148 Solus:
307 1106 390 1167 aqua
412 1085 534 1147 totiens
558 1084 666 1148 ebrius
689 1106 759 1148 esse
782 1091 888 1168 potes;

129 1170 198 1237 Neo
221 1194 446 1237 consessorum
469 1173 576 1236 vicina
597 1172 795 1237 nomismata
817 1177 958 1257 tantum,

173 1259 261 1324 Aera
284 1260 340 1324 sed
364 1282 383 1324 a
406 1261 515 1325 cuneis
538 1261 695 1324 ulteriora
718 1261 811 1344 petis.

102 1347 206 1413 &Non
228 1349 308 1413 baec
330 1347 497 1432 Paelignis
521 1349 630 1434 agitur
652 1350 814 1413 vindemia
835 1350 937 1434 prelis

173 1435 246 1501 Uva
267 1458 326 1501 nee
348 1437 384 1501 in
406 1437 519 1502 Tuscis
542 1437 687 1502 nascitur
709 1437 774 1501 ista
795 1438 894 1522 iugis,

129 1525 228 1589 Testa
252 1524 308 1588 sed
332 1526 457 1608 antiqui
479 1524 559 1589 felix
583 1525 721 1589 siccatur
743 1525 867 1608 Opimi,

174 1613 291 1698 Egerit
315 1617 348 1676 et
369 1615 483 1698 nigros
507 1612 647 1678 Massica
670 1613 751 1677 cella
773 1615 880 1679 cados.

92 1724 95 1731 “
129 1700 159 1765 Α
183 1721 306 1784 copone
327 1701 388 1764 tibi
411 1702 485 1765 faex
507 1701 666 1766 Laletana
689 1706 832 1785 petatur,

87 1806 119 1854 10
174 1788 208 1854 Si
230 1789 304 1874 plus
328 1811 426 1873 quam
448 1790 567 1873 decies,
591 1789 780 1874 Sextiliane,
803 1791 898 1856 bibis.

521 1921 656 1987 XXVII.

129 2017 291 2083 Hesterna
313 2018 374 2083 tibi
397 2023 491 2084 noete
515 2019 710 2102 dixeramus,

97 2169 101 2178 .
131 2107 329 2181 Quincunces
353 2111 432 2190 puto
455 2111 530 2190 post
553 2106 662 2170 decem
685 2110 869 2190 peractos„
908 2074 1042 2245 pv

131 2193 270 2260 Cenares
292 2195 403 2279 hodie,
424 2194 578 2277 Procille,
602 2216 737 2258 mecum.
960 2167 984 2234 'l

130 2283 178 2347 'l'u
200 2282 321 2348 factam
343 2284 406 2347 tibi
428 2305 496 2347 rem
520 2282 631 2346 statim
654 2282 778 2366 putasti

103 2371 175 2436 slat
195 2392 263 2436 non
286 2372 396 2436 sobria
417 2373 518 2435 verba
541 2370 726 2435 subnotasti
839 2356 867 2414 s

129 2459 294 2544 Exemplo
312 2460 449 2524 nimium
471 2459 667 2544 periculoso:

128 2551 230 2613 Μισῶ
252 2547 405 2632 μνάμονα
427 2550 610 2632 συμπόταν,
633 2546 781 2611 Procille.
886 2560 889 2566 '

512 2679 663 2745 XXVIII.

129 2777 292 2843 Hesterno
315 2778 438 2844 foetere
460 2800 550 2843 mero
574 2778 630 2862 qui
653 2775 945 2861 oecumenem,

173 2865 325 2932 Fallitur:
349 2867 385 2931 in
407 2868 511 2932 lucem
536 2887 662 2950 semper
685 2865 807 2929 Acerra
830 2867 923 2933 bibit.

528 2998 646 3064 XXIX.

128 3095 230 3161 Fama
252 3097 352 3162 refert
373 3101 505 3163 nostros
527 3102 574 3181 te,
597 3099 779 3179 Fidentine,
802 3099 931 3165 libellos

173 3183 248 3250 Non
272 3187 367 3250 aliter
389 3182 510 3271 populo
534 3209 631 3270 quam
654 3191 790 3253 recitare
812 3192 896 3252 tuos.

129 3269 165 3336 Si
187 3295 259 3337 mea
282 3274 331 3339 vis
356 3274 431 3354 diei,
455 3274 558 3360 gratis
581 3277 643 3340 tibi
666 3278 810 3341 earmina
832 3277 973 3340 mittam:

174 3359 208 3426 Si
231 3362 294 3427 diei
316 3367 373 3427 tua
396 3364 458 3447 vis,
481 3363 542 3428 hoc
566 3386 649 3448 eme,
672 3387 712 3428 ne
736 3387 808 3429 mea
831 3365 905 3428 sint.
1001 3380 1004 3384 ’

537 3496 637 3562 ΧΧΧ.
952 3515 1198 3561 m·

128 3589 308 3679 Chirurgus
330 3592 449 3678 fuerat,
471 3616 556 3658 nunc
579 3599 628 3659 est
651 3594 782 3680 vispillo
806 3593 955 3659 Diaulus„
1019 3636 1027 3653 .

53 3760 57 3767 ¹
111 3756 116 3764 q
200 3681 288 3766 oepit
311 3704 374 3768 quo
394 3685 531 3771 poterat
553 3683 694 3753 clinicus
718 3707 794 3753 esse
813 3682 932 3751 modo.
951 3652 1144 3792 m

120 3791 179 3831 lm
