2408 4132
145 435 209 500 288
471 435 508 489 M.
527 433 609 492 VAL.
628 433 824 488 MARTIALIS

164 595 289 661 5Nulla
310 618 369 660 nec
392 597 427 660 in
450 597 556 661 media
579 597 716 660 certabit
737 599 816 660 nata
839 592 966 659 Subura

234 683 302 748 Nec
326 683 504 767 Capitolini
527 685 619 749 collis
643 686 773 748 alumna
795 684 869 768 tibi3

189 771 258 836 Nec
281 773 345 837 cito
368 773 486 838 ridebit
508 773 670 858 peregrini
693 772 798 858 gloria
820 774 945 854 partus,

233 860 413 925 Romanam
438 862 548 926 deceat
571 884 667 944 quam
689 860 793 946 magis
817 881 887 924 esse
909 882 1039 925 nurum.

191 948 240 1013 Tu
263 949 455 1014 desiderium
480 949 628 1014 dominae
651 949 731 1013 mihi
754 948 864 1012 mitius
888 947 978 1013 urbis

147 1052 179 1100 10
233 1037 314 1101 Esse
337 1037 443 1101 iubes:
466 1037 605 1101 Romam
627 1039 663 1100 tu
685 1036 767 1100 mihi
789 1038 858 1101 sola
878 1036 969 1101 facis.

190 1247 294 1322 Quam
319 1247 362 1311 sit
384 1249 474 1312 lusca
496 1159 880 1331 Philadnbllndeeenar,

190 1333 249 1399 Vis
273 1335 377 1400 dicam
401 1335 541 1400 breviter
564 1337 638 1418 tibi,
660 1334 818 1400 Fabulle?

189 1421 286 1487 Esset
309 1446 403 1489 caeca
426 1424 589 1488 decentior
611 1424 784 1488 Philaenis.

587 1547 708 1612 XXIII.

189 1633 275 1698 Dent
276 1636 398 1699 ibusat
364 1638 461 1719 atque
475 1636 624 1700 1111111-
633 1658 692 1700 nec
707 1634 930 1720 t-uepudet
909 1635 1011 1700 uteris
1024 1638 1158 1722 emptis.

235 1723 319 1798 Quid
341 1723 439 1788 facies
463 1724 571 1807 oculo,
593 1722 727 1788 Laelia?
750 1745 816 1788 non
839 1723 964 1788 emitur.

586 1845 704 1911 XXIV.

191 1933 217 1997 Ο
242 1934 392 2016 iucunda,
415 1933 561 2016 covinno,
585 1935 740 2018 1011111111,

191 2021 331 2087 Carruca
353 2021 457 2107 magis
482 2022 657 2107 essedoque
681 2027 810 2108 gratum

189 2110 333 2175 Facundi
355 2111 435 2173 mihi
458 2131 572 2174 munus
595 2111 736 2175 Aeliani!

190 2198 253 2264 Hic
276 2220 399 2263 meeum
423 2198 513 2280 licet,
536 2199 602 2282 hio,
625 2198 752 2283 Iuvate,
777 2199 931 2284 quidquid

164 2286 228 2350 oln
251 2288 384 2351 buccam
406 2287 468 2351 tibi
489 2288 627 2372 venerit,
650 2287 805 2372 loquaris:

189 2375 265 2440 Non
287 2380 393 2440 rector
414 2374 529 2460 Libyci
551 2376 643 2460 niger
667 2376 798 2457 caballi,

191 2462 377 2528 Succinctus
400 2485 504 2548 neque
527 2485 639 2528 cursor
661 2464 835 2549 antecedit3

189 2551 359 2636 Nusquam
382 2556 432 2616 eet
455 2551 568 2616 mulio:
592 2553 738 2617 mannuli
761 2552 923 2617 tacebunt.

191 2638 217 2703 O
242 2640 270 2704 si
293 2640 439 2704 conscius
463 2643 548 2705 esset
570 2641 623 2705 hic
645 2640 777 2726 Avitus,

148 2742 180 2791 10
190 2726 310 2792 Aurem
334 2750 401 2792 non
423 2749 483 2812 ego
507 2729 638 2793 tertiam
661 2729 819 2794 timerem.

191 2815 293 2879 Totus
317 2816 518 2899 quambene
543 2816 588 2880 sie
611 2816 677 2881 dies
702 2819 819 2882 abiret!

189 3025 268 3091 Cum
280 3029 384 3110 rogo
386 3047 561 3092 enummos
572 3049 641 3091 11111
650 3049 823 3114 pignore
823 3050 889 3095 nou
898 3030 1159 3119 habeo“1nqu1s

234 3114 338 3197 Idem,
362 3115 390 3179 si
413 3136 471 3198 pro
496 3138 546 3178 me
570 3115 707 3198 spondet
731 3080 868 3202 agellius,
891 3119 1005 3184 habes.

192 3203 284 3279 Quod
306 3165 387 3267 niihi
409 3225 475 3267 non
498 3203 678 3268 credist
624 3207 678 3267 vet
681 3205 739 3287 eri,
762 3206 919 3291 Telesino,
945 3208 1065 3296 sodali,

236 3291 346 3356 Credis
370 3291 514 3356 coliculis
539 3254 771 3377 arboribusque
794 3296 884 3360 meis.

165 3381 287 3461 allece,
309 3402 400 3444 reum
424 3379 525 3445 Carus
547 3384 581 3444 te
605 3379 659 3444 det
645 3381 734 3445 tulit:
758 3383 839 3447 assit
862 3383 996 3468 agellus

234 3469 343 3533 Exilio
367 3469 516 3533 comitem
540 3470 682 3553 quaeris.
707 3471 832 3556 agellus
855 3475 917 3536 eat.

593 3593 710 3658 XXVI.

191 3677 358 3765 Sexagena
380 3684 467 3746 teras
491 3704 563 3746 cum
586 3682 699 3747 limina
722 3706 816 3748 mane
840 3688 983 3770 senator,

228 3769 314 3836 Esse
338 3769 399 3836 tibi
422 3771 534 3838 videor
558 3771 737 3838 desidiosus
759 3793 873 3857 eques,
