2408 4132
360 333 651 390 EPIGRAMMATON
668 335 735 392 LIB.
754 337 802 392 III.
1039 341 1079 404 77

121 495 205 572 Quid
228 495 277 560 vis
300 517 365 578 me,
387 517 481 578 rogo,
503 497 647 580 Phoebe,
671 499 849 582 suspicari?

119 583 254 648 Mollem
278 583 404 648 credere
428 588 461 648 te
483 585 588 649 virum
611 586 776 670 volebam,

93 670 183 736 ossed
201 693 311 736 rumor
333 675 434 756 negat
457 694 527 736 csse
549 677 583 736 te
606 673 782 738 cinaedum.

507 802 652 868 LXXIV.

120 891 286 957 Psilothro
309 890 426 955 faciem
448 891 537 955 levas
561 896 593 955 et
616 892 753 976 dropace
776 896 912 959 calvam.

164 979 330 1064 Numquid
352 983 531 1064 tonsorem,
554 978 753 1065 Gargilium,
776 982 893 1047 times?

121 1067 203 1144 Quid
226 1067 347 1133 facient
370 1068 516 1152 ungues?
538 1090 614 1132 nam
638 1074 724 1134 certe
746 1092 812 1135 non
834 1073 927 1155 potes
950 1071 1026 1136 illos

163 1155 297 1239 Resina,
319 1154 446 1220 Veneto
469 1177 528 1220 nec
550 1178 694 1221 resecare
717 1158 796 1223 luto.

94 1244 254 1327 5Desinc,
278 1243 305 1308 si
328 1243 431 1328 pudor
454 1248 516 1324 est,
539 1245 692 1310 miseram
713 1247 880 1312 traducere
904 1247 1042 1311 calvam:

163 1331 236 1397 Hoc
258 1332 328 1396 ficri
352 1353 470 1410 cunno,
494 1330 695 1417 Gargiliane,
719 1335 812 1400 solet

515 1463 644 1528 LXXV.

121 1552 229 1635 Stare,
252 1552 408 1637 Luperco,
430 1552 493 1615 tibi
515 1552 581 1616 ianr
604 1553 729 1636 pridem
752 1554 896 1618 mentula
920 1554 1016 1637 desit,

165 1640 314 1705 Luctaris
337 1639 468 1704 demens
491 1644 661 1705 tutamen
684 1642 832 1726 arrigere.

122 1728 186 1794 Sed
207 1729 290 1792 nihil
313 1750 426 1793 crucae
448 1727 573 1792 faciunt
595 1729 748 1813 bulbique
771 1731 908 1809 salaces,

163 1817 306 1902 Inproba
328 1838 387 1882 nec
409 1821 547 1900 prosunt
569 1817 635 1880 iam
658 1818 800 1882 satureia
822 1818 893 1882 tibi.

95 1904 265 1988 scoepisri
287 1926 386 1988 puras
409 1906 524 1987 opibus
547 1926 751 1987 corrumpere
773 1907 907 1970 buccas:

165 1991 218 2058 Sic
241 2015 367 2077 quoque
389 2014 456 2057 non
477 1993 559 2058 vivit
581 1993 758 2058 sollicitata
780 1993 899 2060 Venus.

120 2081 234 2146 Mirari
257 2083 337 2145 satis
360 2081 422 2145 hoc
445 2080 616 2164 quisquam
640 2081 692 2145 vel
714 2081 841 2145 credere
864 2083 984 2166 possit,

165 2168 256 2245 Quod
278 2191 344 2232 non
367 2172 447 2251 stat,
470 2189 590 2253 magno
614 2172 714 2251 stare,
737 2167 893 2254 Luperco,
916 2171 1000 2234 tibi?
1105 2245 1107 2249 ยน

506 2299 651 2364 LXXVI.

120 2390 250 2475 Arrigis
274 2390 316 2454 ad
337 2389 479 2471 vetulas,
500 2387 642 2470 fastidis,
661 2387 775 2471 Basse,
798 2389 939 2473 puellas,

164 2477 231 2543 Nec
253 2478 398 2543 formosa
420 2477 494 2560 tibi,
518 2476 573 2540 sed
596 2476 753 2540 moritura
774 2476 890 2560 placet.

119 2567 191 2644 Hic,
200 2587 290 2651 rogo,
300 2588 366 2631 non
374 2565 466 2630 furor
475 2567 534 2648 est,
543 2587 608 2630 non
618 2564 699 2629 haec
709 2569 759 2629 est
772 2565 917 2629 mentula
928 2565 1080 2630 demens?

164 2652 247 2720 dum
268 2655 373 2739 possis
396 2653 563 2737 Hecuben,
585 2674 650 2717 non
673 2656 766 2737 potes
789 2652 1051 2718 Andromachen!

498 2783 660 2850 LXXVII.

120 2875 189 2940 Nec
212 2875 331 2939 mullus
353 2897 413 2940 nec
435 2878 468 2938 te
492 2873 643 2957 delectat,
665 2872 810 2957 Baetice,
833 2875 961 2958 turdus,

164 2961 232 3028 Nec
255 2964 346 3047 lepus
369 2966 419 3026 est
442 2984 584 3046 unquam
606 2983 664 3026 nec
686 2961 748 3026 tibi
772 2967 886 3048 gratus
910 2985 1000 3046 aper,

120 3052 188 3116 Nec
210 3056 244 3115 te
265 3051 333 3115 liba
354 3050 468 3114 iuvant
489 3072 549 3115 nec
571 3055 677 3133 sectae
701 3049 824 3133 quadra
846 3051 1029 3134 placentae,

164 3139 233 3204 Nec
256 3137 360 3221 Libye
383 3138 485 3202 mittit
507 3160 566 3202 nec
589 3138 651 3201 tibi
672 3137 789 3201 Phasis
813 3159 904 3201 aves:

92 3225 283 3312 oOapparin
305 3231 338 3290 et
360 3226 448 3310 putri
472 3247 567 3309 cepas
590 3227 690 3290 allece
712 3229 863 3290 natantes

163 3316 209 3380 Et
232 3314 484 3398 pulpamdubio
508 3314 546 3378 de
569 3318 725 3398 petasone
748 3335 859 3397 voras,

121 3404 229 3486 Teque
247 3403 359 3467 iuvant
382 3424 493 3488 gerres
516 3406 549 3467 et
572 3402 655 3483 pelle
679 3401 868 3485 melandrya
891 3423 985 3484 cana,

163 3491 319 3555 Resinata
341 3491 424 3555 bibis
448 3491 536 3574 vina,
559 3488 697 3554 Falerna
718 3489 815 3574 fugis.

119 3578 237 3645 Nescio
261 3579 346 3663 quod
369 3579 529 3643 stomachi
552 3577 669 3641 uitium
694 3578 848 3641 secretius
872 3598 942 3641 esse

75 3685 109 3733 10
162 3666 329 3752 Suspicor:
352 3671 389 3732 ut
412 3667 490 3755 quid
513 3665 616 3756 enim,
635 3664 795 3754 Baetice,
812 3662 1064 3752 sapropnazgxo
