2408 4132
357 324 653 390 EPIGRAMMATON
672 335 738 393 LIB.
757 337 817 394 Vll.
1025 340 1087 405 159

124 493 249 578 Ecquid
271 495 430 560 femineos
455 497 612 581 sequeris,
636 502 798 583 matrona,
821 521 977 581 recessus,

169 581 381 666 Secretusque
404 588 474 667 tua,
497 606 612 669 cunne,
635 586 755 652 lavaris
779 588 884 671 aqua?
944 585 946 588 ’

510 741 659 807 XXXVI.

125 844 204 911 oum
228 847 358 931 pluvias
381 847 611 931 madidumque
630 847 744 914 Iovem
763 850 909 935 perferre
928 856 1064 936 negaret

167 934 214 999 Et
236 934 325 1000 rudis
349 936 493 1000 hibernis
517 937 596 1002 villa
618 942 749 1002 nataret
770 939 877 1023 aquis,
993 1011 995 1015 ἲ

123 1022 280 1106 Plurima,
305 1045 388 1107 quae
410 1028 521 1107 posset
544 1025 670 1090 subitos
694 1026 854 1092 effundere
877 1027 1019 1111 nimbos,

168 1110 358 1176 Muneribus
381 1112 470 1176 venit
493 1113 604 1198 tegula
627 1114 729 1179 missa
750 1116 826 1179 tuis.

97 1198 297 1284 cHorridus,
321 1222 405 1283 ecee,
429 1204 525 1265 sonat
547 1201 670 1266 Boreae
693 1202 831 1267 stridore
844 1202 1045 1268 December:

168 1285 284 1372 Stella,
306 1289 393 1372 tegis
416 1289 542 1374 villam,
563 1310 630 1354 non
653 1292 738 1376 tegis
761 1292 947 1376 agricolam.

502 1446 669 1513 XXXVII.

123 1552 220 1617 Nosti
243 1553 448 1618 mortiferum
472 1554 667 1638 quaestoris,
691 1551 847 1638 castrice,
871 1554 1054 1640 signum‘ls

166 1640 228 1705 Est
251 1663 366 1726 operae
389 1643 530 1726 pretium
554 1642 674 1706 discere
697 1643 790 1731 theta
811 1664 946 1709 novum:
1002 1607 1173 1710 davlllb

122 1729 329 1813 Exprimeret
352 1731 500 1814 quotiens
522 1735 688 1802 rorantem
709 1730 831 1817 frigore
854 1754 983 1816 nasum,
1000 1717 1017 1744 '

166 1817 313 1882 Letalem
336 1819 440 1902 iuguli
461 1818 601 1883 iusserat
624 1840 694 1883 esse
716 1824 838 1884 notam.
1029 1817 1078 1862 s

97 1906 241 1990 sTurpis
265 1907 305 1970 ab
328 1905 434 1970 inviso
457 1906 620 1989 pendebat
643 1906 734 1972 stitia
756 1930 850 1991 naso,

167 1992 248 2058 Cum
270 1994 365 2060 flaret
386 1994 492 2058 media
514 1994 606 2059 fauce
628 1994 807 2059 December
830 1999 937 2059 atrox:

123 2080 276 2167 Collegae
298 2085 430 2146 tenuere
454 2104 582 2166 manus;
604 2082 682 2166 quid
703 2084 798 2166 plura
820 2083 981 2167 requiris?

165 2170 310 2254 Emungi
333 2172 463 2252 misere,
486 2168 646 2253 Castrice,
668 2192 734 2235 non
756 2171 856 2235 licuil.

486 2327 669 2393 XXXVIII.

122 2435 246 2499 Tantus
270 2457 303 2500 es
328 2439 361 2498 et
383 2435 461 2499 talis
483 2434 602 2516 nostri,
624 2433 837 2518 Polypheme,
860 2432 981 2520 Severi,
1008 2452 1034 2499 l
1045 2485 1060 2517 ,s
1110 2448 1112 2454 “

165 2522 212 2588 Ut
234 2526 267 2587 te
290 2523 404 2587 mirari
425 2523 531 2606 possit
553 2527 587 2586 et
609 2522 679 2606 ipse
702 2521 859 2606 Cyclops,

122 2610 185 2676 Sed
202 2633 263 2676 neo
276 2609 383 2696 Scylla
401 2612 514 2675 minor.
538 2610 631 2687 Quod
650 2611 679 2675 si
696 2611 765 2675 fera
780 2614 927 2676 monstra
945 2611 1082 2677 duorum

164 2698 324 2782 Iunxeris,
347 2699 480 2764 alterius
502 2699 559 2763 fiet
581 2702 716 2783 uterque
740 2700 849 2764 timor.

505 2857 653 2922 XXXIX.

120 2964 293 3029 Discursus
315 2964 423 3028 varim
445 2985 627 3049 vagumque
650 2985 747 3029 mane

119 3052 166 3116 Et
186 3052 291 3116 fastus
315 3056 347 3115 et
368 3051 451 3116 have
473 3053 694 3136 potentiorum

120 3139 201 3204 Cum
224 3139 366 3224 perferre
388 3139 520 3223 patique
543 3141 609 3204 iam
631 3143 781 3225 negaret,

120 3227 236 3310 Coepit
256 3229 377 3312 fingere
400 3226 529 3292 (laelius
551 3228 754 3313 podagram..

93 3314 223 3392 cQuam
247 3316 323 3380 dum
345 3316 416 3380 vult
437 3315 535 3381 nimis
559 3316 739 3401 approbare
762 3336 873 3380 veram

118 3405 165 3469 Et
187 3426 282 3469 sanas
305 3404 380 3469 linit
403 3404 592 3491 obligatque
614 3406 745 3487 plantas

118 3492 307 3579 Inceditque
329 3493 432 3578 gradu
455 3494 632 3574 laborioso,

116 3616 162 3631 -
180 3580 344 3661 Quantum
365 3602 443 3649 eura
464 3585 575 3666 potest
596 3585 630 3645 et
653 3602 704 3644 ars
729 3578 862 3643 doloris!
887 3613 924 3624 -

115 3668 215 3737 Desit
232 3668 356 3759 lingere
378 3667 509 3743 Caelius
529 3669 727 3760 podagram.
