2408 4132
342 325 638 382 EPIGRAMMATON
655 329 724 384 LlB'.
743 329 789 386 Vl.
1012 331 1073 396 141

81 488 192 564 suuis
216 488 320 553 fecere
344 489 422 552 mali
444 495 579 554 nostrae
602 491 677 571 tibi,
701 513 807 574 saeve,
830 493 989 578 lacernae,

153 576 282 640 Tollere
305 576 344 640 de
368 576 508 660 scapulis
535 600 615 662 quas
637 579 718 643 levis
741 601 821 643 aura
842 581 974 663 potest?

111 665 241 741 Quanto
265 665 456 749 simpliciuS,
480 670 603 749 quanto
628 670 678 730 est
697 667 871 732 *humanius
893 669 987 751 illud,

153 752 264 817 Mense
288 754 340 817 vel
363 755 514 837 Augusto
539 776 666 819 sumere
689 756 897 840 gausapinasl
1020 813 1022 816 ,

539 893 605 959 LX.

108 1001 189 1065 Rem
211 999 333 1064 factam
357 998 548 1085 Pompullus
572 1000 686 1084 habet,
708 999 877 1079 Faustine:
900 1002 1026 1086 legetur

153 1089 198 1152 Et
220 1110 338 1152 nomen
360 1092 432 1153 toto
456 1091 589 1174 sparget
611 1090 646 1153 in
669 1090 747 1154 orbe
771 1112 873 1155 suum.

107 1175 182 1260 „Sic
204 1176 273 1241 leve
296 1176 454 1241 flavorum
476 1177 586 1241 valeat
610 1198 710 1263 genus
734 1177 924 1260 Usiporum,

153 1263 305 1349 Quisquis
330 1269 363 1329 et
385 1264 565 1329 Ausonium
587 1287 654 1331 non
680 1270 769 1330 amat
791 1266 992 1349 imperiumf‘

83 1353 284 1438 olngeniosa
306 1356 416 1417 tamen
439 1353 604 1438 Pompulli
627 1355 750 1436 scripta
770 1353 928 1419 feruntur.

109 1439 460 1604 Q'liditliitllt
474 1441 622 1595 estitit
643 1442 972 1595 ffilliairtte'aisaeiii

138 1552 199 1681 ullt
220 1617 386 1682 redimunt
409 1617 469 1682 soli
482 1552 639 1683 pcarmina
662 1553 861 1683 doctaqcoci!
970 1582 979 1614 ⁷

108 1704 226 1770 Nescio
251 1705 424 1791 quidplus
448 1710 510 1790 est,
535 1707 620 1790 quod
643 1706 742 1772 donat
766 1707 894 1770 saecula
917 1706 1055 1771 chartis:

66 1811 98 1859 ιο
152 1792 307 1858 Victurus
332 1794 462 1879 genium
485 1795 581 1859 debet
603 1795 722 1860 habere
746 1795 854 1860 liber.“

108 2032 249 2115 Laudat,
273 2033 375 2114 amat,
399 2034 511 2095 cantat
530 1934 664 2095 {istros
688 2053 759 2096 mea
782 2031 887 2095 Roma
909 2032 1050 2116 libellos,

152 2120 267 2204 Meque
291 2120 380 2183 sinus
404 2119 521 2202 omnis,
544 2141 595 2182 me
619 2140 731 2183 manus
756 2119 860 2183 omnis
884 2120 991 2184 habet.

108 2208 193 2273 Ecce
214 2209 310 2272 rubet
333 2207 475 2292 quidam,
498 2207 614 2290 pallet,
635 2210 758 2290 stupet,
777 2208 907 2290 oscitat,
927 2208 1004 2272 odit.
1023 2163 1188 2309 W

152 2296 224 2360 Hoc
247 2296 335 2361 volo:
358 2317 444 2363 nunc
466 2295 560 2359 nobis
584 2296 726 2359 carmina
747 2299 861 2359 nostra
884 2295 1022 2380 placent.

519 2434 619 2500 LXII.

109 2544 229 2607 Amisit
251 2546 345 2627 pater
366 2542 497 2607 unicum
521 2541 672 2607 Salanus:

107 2631 224 2697 Cessas
246 2631 376 2695 mittere
399 2653 548 2712 munera,
571 2629 740 2714 Oppiane?

107 2719 194 2803 Heu,
217 2718 342 2784 crudele
364 2719 455 2783 nefas
479 2719 646 2802 malaeque
668 2717 801 2784 Parcae!

108 2807 208 2873 Cuius
232 2807 368 2872 vulturis
391 2807 453 2872 hoc
476 2809 538 2872 erit
560 2808 717 2872 cadaver?

512 2947 629 3012 LXHI.

108 3044 177 3111 Scis
200 3049 232 3110 te
255 3044 394 3130 captari,
417 3045 480 3109 scis
502 3044 588 3109 hunc
611 3044 666 3128 qui
688 3049 813 3130 captat,
837 3058 983 3129 avarum3

152 3133 196 3198 llt
219 3133 281 3198 scis
305 3132 361 3217 qui
383 3136 507 3216 captat,
531 3133 620 3217 quid,
643 3133 801 3216 Mariana,
824 3135 911 3197 velit.
1108 3152 1150 3272 s

107 3221 157 3286 Tu
179 3226 289 3285 tamen
311 3221 397 3285 hunc
419 3221 541 3285 tabulis
564 3222 726 3304 heredem,
750 3222 864 3305 stulte,
888 3223 1046 3307 supremis

152 3308 273 3374 Scribis
297 3314 329 3374 et
353 3331 423 3374 esse
445 3313 502 3374 tuo
526 3309 589 3393 vis,
612 3309 745 3393 furiose,
767 3310 848 3374 loco.
951 3390 953 3394 Α

79 3397 260 3482 5,‚Munera
283 3419 402 3482 magna
424 3401 534 3461 tamen
557 3397 675 3462 misit.“
711 3396 771 3462 Sed
795 3397 885 3462 misit
908 3398 941 3460 in
959 3398 1068 3482 hamo;

150 3486 196 3550 Et
218 3487 414 3571 piscatorem
437 3485 535 3571 piscis
559 3508 667 3550 amare
690 3486 822 3569 potest?

106 3573 224 3641 Hicine
246 3574 377 3639 deflebit
399 3595 474 3638 vcro
498 3578 555 3638 tua
577 3573 647 3637 fata
671 3573 802 3638 dolore?

63 3726 66 3731 .
148 3658 184 3727 si
207 3662 310 3749 cupis,
335 3666 371 3728 ut
393 3662 518 3750 ploret,
541 3662 613 3750 des,
630 3656 804 3746 ilariaco,
818 3661 923 3726 mlum.
