2408 4132
27 17 1148 243 a

91 493 159 558 264
418 492 455 548 M.
474 492 556 548 VAL.
575 491 770 547 MARTIALIS

534 652 652 722 XXXI.

136 742 258 808 Atreus
282 741 441 808 Caecilius
465 742 703 807 cucurbitarum

138 831 189 897 Sic
213 831 288 896 illas
312 831 405 916 quasi
427 830 512 895 filios
536 830 700 914 Thyestae

134 919 174 984 In
196 923 307 1004 partes
330 919 454 984 lacerat
475 921 627 1002 secatque
649 918 747 982 mille.

136 1007 240 1072 Gustu
261 1008 410 1091 protinus
433 1006 493 1070 has
517 1006 591 1070 edes
614 1006 649 1070 in
670 1007 757 1090 ipso,

110 1095 210 1160 5Has
229 1097 334 1181 prima
356 1095 439 1159 feret
461 1095 603 1159 alterave
626 1115 716 1179 cena,

135 1184 205 1248 Has
229 1205 308 1248 cena
329 1183 392 1248 tibi
414 1182 512 1248 tertia
534 1186 682 1267 reponet,

135 1271 221 1336 Hinc
245 1293 333 1337 seras
356 1271 557 1355 epidipnidas
580 1270 718 1355 parabit.

136 1359 221 1425 Hinc
243 1361 348 1445 pistor
370 1359 478 1425 fatuas
500 1357 581 1424 facit
602 1359 783 1441 placentas,

135 1447 221 1513 Hinc
244 1452 277 1512 et
299 1447 498 1533 multiplices
522 1446 618 1511 struit
640 1445 780 1512 tabellas

97 1537 182 1601 chIt
203 1539 299 1601 notas
323 1535 504 1620 caryotidas
526 1534 673 1600 theatris.

135 1624 221 1688 Hine
244 1625 311 1688 exit
332 1624 458 1689 varium
481 1643 556 1689 coco
580 1622 731 1706 minutal,

135 1711 183 1777 Ut
204 1713 326 1776 lentem
347 1711 489 1796 positam
510 1710 685 1794 fabamque
708 1709 830 1794 credas3

136 1800 270 1864 Boletos
293 1800 439 1864 imitatur
465 1802 498 1862 et
521 1798 673 1881 botellos,

136 1888 182 1952 Et
206 1886 340 1952 caudam
363 1887 449 1971 cybii
471 1887 647 1970 brevesque
669 1907 809 1951 maenas.

96 1974 222 2040 chinc
246 1974 396 2041 cellarius
420 1974 583 2058 experitur
605 1976 704 2056 artes,

136 2063 183 2129 Ut
205 2064 323 2129 condat
344 2062 435 2129 vario
458 2061 548 2128 vafer
570 2084 684 2148 sapore

136 2153 176 2217 In
198 2157 290 2217 rutae
312 2151 427 2217 folium
450 2150 648 2236 Capelliana.

138 2238 191 2305 Sic
212 2240 329 2326 implet
352 2240 489 2326 gabatas
512 2239 762 2324 parapsidesque

137 2328 184 2392 Et
206 2329 293 2394 leves
317 2329 459 2393 scutulas
483 2348 641 2411 cavasque
664 2327 780 2391 lances.

95 2415 210 2482 20Hoc
233 2418 359 2482 lautum
381 2419 491 2500 vocat,
513 2416 576 2482 hoc
598 2418 693 2500 putat
714 2417 898 2498 venustum,

136 2503 245 2569 Unum
268 2526 387 2589 ponere
409 2503 541 2570 ferculis
563 2507 616 2568 tot
639 2524 753 2568 assem.

527 2635 662 2702 XXXII.

137 2722 207 2789 Nec
228 2728 307 2809 toga
329 2746 388 2790 nec
410 2725 500 2791 focus
523 2728 574 2789 est
595 2745 654 2790 nac
675 2724 772 2789 tritus
796 2723 907 2790 cimice
929 2724 1035 2791 lectus

182 2810 252 2876 Neo
273 2812 335 2876 tibi
358 2813 396 2876 de
419 2812 531 2877 bibula
554 2815 643 2876 sarta
665 2813 783 2897 palude
805 2816 910 2899 teges,

138 2897 207 2964 Nec
230 2920 310 2982 puer
333 2902 390 2963 aut
413 2900 533 2981 senior,
551 2900 642 2964 nulla
665 2905 715 2964 est
737 2901 856 2966 ancilla
877 2921 936 2966 nec
958 2900 1086 2989 infans,

182 2985 250 3051 Nec
273 3008 346 3051 sera
367 3007 427 3051 neo
450 2986 550 3052 clavis
572 2996 632 3051 nec
655 2989 742 3053 oanis
766 2992 862 3074 atque
885 2989 977 3055 calin

112 3074 188 3139 aru
210 3077 320 3140 tamen
343 3074 489 3159 affectas,
511 3072 645 3157 Nestor,
667 3075 731 3141 dici
753 3081 850 3162 atque
871 3077 976 3143 videri

182 3160 322 3247 Pauper,
345 3163 434 3227 etin
456 3161 578 3247 populo
602 3165 729 3247 quaeris
752 3165 871 3231 habere
893 3166 1010 3232 locum.

137 3249 285 3316 Mentiris
307 3272 456 3336 vanoque
479 3250 541 3317 tibi
563 3251 723 3318 blandiris
745 3254 877 3321 honore.

181 3337 256 3405 Non
280 3343 329 3405 est
350 3343 540 3426 paupertas,
562 3337 697 3426 Nestor,
719 3342 839 3409 habere
860 3341 952 3407 nihil.

520 3470 672 3538 XXXIII.

139 3556 272 3641 Saepius
296 3557 337 3622 ad
359 3559 502 3644 palmam
525 3560 675 3643 prasinus
698 3565 774 3646 post
795 3560 864 3627 fata
886 3561 1028 3629 Neronis
1087 3592 1101 3625 ι

180 3644 333 3711 Pervenit
356 3650 389 3711 et
410 3648 516 3713 victor
538 3650 682 3732 praemia
704 3650 799 3734 plura
821 3649 930 3715 refert.

127 3733 269 3820 Inunc,
293 3734 380 3802 livor
402 3735 498 3822 edax,
520 3735 570 3801 dic
593 3739 627 3802 te
650 3738 783 3802 cessisse
805 3737 942 3804 Neroni:
970 3736 978 3749 “

169 3822 262 3892 Vicit
285 3825 449 3894 nimirum
472 3849 543 3896 ncn
561 3823 671 3912 llero,
691 3825 750 3891 sed
767 3825 930 3908 prasinus.
