2408 4132
91 477 156 542 278
417 474 556 531 M.de
575 474 774 530 MARTIALIS

555 636 638 703 ΧΟΙ.

134 742 286 809 Aeolidos
309 741 467 808 Canace
458 746 542 808 racel
528 742 626 808 lhcc
648 743 811 808 tumulata
776 745 996 828 ta,sepulcrc

179 831 247 896 Ull'
224 837 304 896 luna
327 831 379 897 cui
401 853 521 916 parvae
545 832 684 916 septima
706 832 795 896 venii
781 832 931 896 ibiems.

134 920 188 985 Ah
211 942 262 985 see
264 921 329 1002 lus,
352 921 394 984 ah
416 919 555 984 facinusl
578 941 733 1004 properas
757 919 811 1003 qui
833 919 922 1002 flere,
945 919 1072 1005 viator,

179 1008 254 1073 Non
276 1008 352 1073 licet
373 1007 426 1072 hic
448 1009 535 1072 vitae
560 1007 598 1071 dc
621 1009 780 1073 brevitate
803 1009 908 1092 queri:

109 1097 273 1161 cTrislius
297 1101 347 1161 esi
369 1097 435 1160 leto
458 1096 516 1160 leri
540 1117 654 1180 genus:
677 1096 809 1160 horrida
831 1097 940 1160 vultus

179 1183 326 1250 Abstulit
348 1189 380 1248 el
401 1188 513 1248 tenero
538 1183 622 1248 sedit
644 1184 678 1249 in
702 1206 756 1249 ore
779 1185 862 1266 lues,

134 1272 273 1357 Ipsaque
296 1271 439 1338 crudeles
463 1273 596 1337 ederunt
619 1273 730 1337 oscula
753 1273 871 1356 morbi,

179 1360 248 1426 Nec
272 1362 348 1426 data
371 1364 446 1424 sunt
468 1361 571 1446 nigris
594 1363 665 1426 iola
687 1360 809 1424 labella
831 1361 929 1445 rogis.

136 1447 170 1513 si
194 1455 261 1514 tam
284 1449 455 1533 praecipiti
476 1449 607 1513 fuerant
628 1453 763 1514 ventura
784 1449 911 1532 volatu,

93 1554 125 1602 10
179 1537 366 1603 Debuerant
389 1539 453 1602 alia
475 1537 545 1602 fala
567 1537 676 1602 venire
698 1538 760 1602 via.

137 1624 198 1690 Sed
221 1648 308 1690 mors
332 1627 420 1690 vocis
443 1626 505 1689 iler
527 1626 714 1710 properavit
736 1625 865 1690 cludere
887 1625 1045 1710 blandae,

179 1712 229 1778 Ne
252 1717 363 1798 pessel
386 1715 482 1778 duras
505 1714 634 1778 flectere
658 1714 772 1799 lingua
796 1714 881 1778 deas.

544 1853 643 1920 XGH.

134 1960 293 2025 Mentitur
316 1959 371 2044 qui
393 1963 425 2024 be
448 1958 615 2043 vitiosum,
639 1959 740 2039 Zoile,
762 1961 850 2027 dicii.

179 2049 255 2114 Non
276 2049 413 2114 vitiosus
437 2048 535 2113 homo
560 2070 608 2131 es,
632 2047 733 2133 Zoile,
757 2050 812 2115 scd
835 2049 961 2115 vilium.

537 2205 653 2272 XCIII.

135 2311 259 2377 Pierios
282 2314 365 2378 valis
389 2313 552 2379 Theodori
574 2313 706 2380 flamma
728 2317 862 2398 penales

180 2401 265 2467 abst
266 2401 335 2466 ulit.
371 2400 443 2466 Hoc
464 2401 661 2467 Musisell
610 2402 721 2485 lubi,
743 2401 930 2486 Phoebe,p
932 2403 1045 2471 laceb?

137 2488 163 2553 0
187 2491 305 2574 scelus,
329 2512 525 2575 omagnum
547 2491 674 2555 facinus
699 2491 884 2574 crimenque
906 2425 1061 2579 deorum,

179 2577 256 2644 Non
279 2579 358 2642 ursii
381 2578 503 2664 pariler
526 2579 611 2663 quod
635 2579 804 2644 domusl
772 2583 804 2643 el
828 2578 992 2646 dominus!

539 2736 654 2803 xclv.

138 2841 229 2918 Quod
251 2842 388 2907 nimium
411 2843 491 2908 lives
514 2865 573 2908 nos
576 2844 635 2908 tris
660 2848 692 2909 et
715 2844 832 2928 ubique
854 2844 976 2909 libellis

181 2929 517 3016 Detrahis‚:1gncsco
541 2952 637 3016 verpe
660 2936 770 3016 poeta,
794 2932 890 3019 sapis.

137 3019 208 3083 Hoc
224 3039 350 3102 quoquc
364 3041 429 3083 non
443 3040 518 3083 curo
523 3019 632 3104 ‚quod
646 3042 719 3085 cum
735 3043 806 3085 mea
817 3019 960 3085 carmina
972 3043 1106 3111 carpas

182 3104 360 3192 Compilas·
384 3110 417 3171 el
441 3106 498 3189 sic,
520 3129 619 3190 verpe
641 3111 752 3193 poeia,
777 3109 872 3193 sapis.

112 3195 224 3261 cIllud
248 3217 298 3259 me
320 3195 456 3279 cruciat,
479 3158 618 3280 Solymis
642 3197 728 3280 quod
749 3197 879 3262 natus
869 3219 905 3261 m
927 3197 1011 3281 ipsis

181 3282 335 3348 Paedicas
358 3306 507 3369 puerum,
530 3306 626 3369 verpe
649 3289 757 3369 pcela,
781 3307 897 3351 meum.

139 3372 222 3437 Ecce
244 3393 346 3460 negas
368 3373 519 3457 iurasque
544 3372 624 3437 mihi
647 3395 705 3458 per
727 3375 850 3457 templa
873 3373 1047 3442 Tonantis.
1079 3375 1082 3379 ’

182 3461 259 3526 Non
282 3463 392 3528 credo:
414 3462 498 3546 iura,
522 3484 633 3546 verpe,
656 3484 713 3545 per
736 3462 942 3528 Anchialum.

548 3619 647 3687 XCV.

138 3727 293 3792 Incideris
317 3727 465 3811 quotiens
488 3727 524 3792 iu
547 3727 639 3793 basia
661 3728 860 3809 fellaiorum,

169 3815 212 3883 In
236 3817 358 3885 solium
382 3821 466 3908 puta
488 3820 522 3886 le
545 3838 710 3905 mergere,
723 3815 857 3898 llacce,
875 3819 984 3900 capud
