2408 4132
376 333 673 390 EPIGRAMMATON
690 335 757 391 LIB.
777 336 809 390 X.
1032 337 1095 401 231

137 497 182 561 Ε1
204 496 329 561 fatuam
352 518 480 561 summa
502 518 616 561 cenare
638 498 786 581 pelorida
808 520 920 564 mensa

95 602 127 650 10
182 583 332 669 Quosque
354 585 439 670 tegit
461 585 525 649 levi
547 586 666 650 cortice
689 586 811 651 concha
833 587 954 671 brevis,

137 673 252 738 Ostrea
274 673 406 738 Baianis
430 694 527 757 quam
550 695 616 738 non
639 674 774 739 liventia
796 677 906 758 tertis,

182 761 269 837 Quae
293 761 421 827 domino
445 761 538 844 pueri
559 783 626 826 non
647 762 841 846 prohibente
863 762 1000 829 vorent?

136 848 199 914 Hic
222 850 342 914 olidam
364 851 525 914 clamosus
549 871 626 934 ages
650 852 685 915 in
707 852 791 916 retia
812 852 944 936 vulpem

180 937 405 1022 Mordebitque
428 942 502 1002 tuos
526 937 655 1002 sordida
677 939 928 1023 praedamnes:

96 1025 208 1091 1511111
231 1027 359 1110 piscoso
383 1026 478 1090 modo
501 1025 555 1090 vix
579 1027 695 1093 educta
716 1027 877 1110 profundo

180 1113 361 1198 Impedient
384 1115 510 1197 lepores
533 1114 642 1178 umida
658 1115 732 1197 ‚lina
754 1137 852 1180 meos.
871 1152 914 1163 -

137 1203 223 1266 Dum
245 1204 373 1287 loquor,
396 1223 467 1267 ecce
490 1202 575 1266 redit
598 1205 710 1287 sporta
731 1206 876 1287 piscator
898 1205 999 1287 inani,

180 1290 327 1356 Venator
350 1295 445 1375 capta
467 1291 570 1355 maele
594 1293 751 1376 superbus
775 1293 880 1359 adest:

137 1378 249 1444 Omnis
272 1379 313 1443 ab
336 1379 459 1444 urbano
482 1379 572 1443 venit
595 1380 636 1443 ad
659 1402 748 1445 mare
772 1402 850 1446 cena
872 1382 1017 1447 macello.

92 1484 127 1532 20
183 1465 364 1533 Callaicum
386 1467 520 1532 mandas
545 1467 650 1552 siquid
673 1469 713 1533 ad
737 1467 899 1534 Oceanum
918 1506 973 1534 -.

500 1589 683 1656 XXXVIII.

137 1679 163 1745 Ο
188 1679 303 1744 molles
326 1678 387 1743 tibi
410 1678 604 1763 quindecim,
628 1677 760 1764 Calene,

137 1767 224 1843 Quos
248 1789 320 1832 cum
344 1765 487 1851 Sulpicia
509 1771 567 1832 tua
588 1768 714 1853 iugales

135 1856 277 1920 Indulsit
299 1855 376 1920 deus
400 1859 434 1920 et
456 1856 582 1940 peregit
605 1859 720 1921 annos!

137 1944 164 2010 O
187 1964 252 2008 nox
275 1944 380 2008 omnis
404 1947 437 2007 et
459 1943 553 2026 hora,
577 1965 659 2026 quae
681 1948 795 2010 notata
818 1950 868 2010 est

111 2031 229 2099 cCaris
253 2032 358 2096 litoris
380 2030 483 2096 Indici
507 2031 643 2114 lapillis!

137 2120 163 2186 Ο
188 2141 268 2205 quae
291 2119 429 2204 proelia,
452 2141 530 2204 quas
554 2119 717 2202 utrimque
739 2140 865 2205 pugnas

136 2208 227 2274 Felix
249 2209 387 2273 lectulus
411 2212 445 2272 et
468 2207 598 2272 lucerna
621 2207 701 2271 vidit

136 2297 266 2362 Nimbis
290 2296 380 2360 ebria
402 2295 632 2361 Nicerotianis!

136 2386 257 2451 Vixisti
279 2385 398 2467 tribus,
422 2407 440 2449 o
464 2383 597 2468 Calene,
620 2384 746 2448 lustris:

94 2493 126 2541 10
138 2477 238 2539 Aetas
260 2472 339 2538 haec
362 2472 424 2536 tibi
446 2475 518 2538 tota
541 2477 747 2556 computatur

136 2564 183 2628 111
206 2563 292 2628 solos
315 2583 465 2626 numeras
490 2560 557 2624 dies
580 2561 699 2625 mariti.

135 2651 186 2716 Ex
208 2650 275 2715 illis
299 2650 360 2714 tibi
383 2649 411 2714 si
434 2649 488 2713 diu
510 2652 660 2734 rogatam

136 2739 256 2804 Lucem
278 2737 425 2803 redderet
448 2737 591 2822 Atropos
615 2737 666 2802 vel
689 2758 800 2821 unam,

136 2828 267 2911 Malles,
291 2849 388 2912 quam
409 2825 537 2911 Pyliam
560 2830 674 2911 quater
697 2831 867 2891 senectam.

520 2939 660 3005 XXXIX

137 3028 278 3096 Consule
300 3033 333 3095 te
356 3029 458 3094 Bruto
483 3028 568 3115 quod
590 3030 693 3113 iuras,
716 3028 848 3112 Lesbia,
870 3030 996 3112 natam,

180 3117 338 3183 Mentiris.
373 3116 463 3182 Nata
486 3139 534 3200 es,
556 3115 686 3200 Lesbia,
709 3137 784 3201 rege
806 3115 936 3181 Numa?

137 3206 190 3272 Sic
204 3228 330 3291 quoque
344 3205 499 3271 mentiris.
518 3205 677 3289 Namque,
691 3209 728 3269 ut
742 3209 800 3269 tua
815 3205 942 3269 saecula
955 3209 1099 3289 narrant,

181 3295 274 3360 Ficta
296 3294 489 3360 Prometheo
514 3293 628 3359 diceris
653 3314 723 3358 esse
746 3293 826 3358 luto.

63 3485 66 3491 ’
138 3496 273 3583 Semper
296 3520 368 3564 oum
391 3497 472 3563 mihi
495 3406 654 3562 disciola
678 3517 747 3560 esse

137 3584 268 3673 Semsto
290 3608 363 3653 mea
384 3585 478 3651 Polla
501 3607 573 3650 cum
597 3585 744 3668 cinaedo,

82 3750 91 3765 ,
135 3672 265 3761 Iampi,
285 3672 382 3761 Lupe.
416 3673 451 3743 N
452 3695 494 3741 on
518 3676 590 3741 erat
613 3673 784 3741 cinaedus.
