2408 4132
47 29 1181 244 ‘zm-⁷·-

367 505 661 563 EPIGRAMMATON
678 507 745 564 LIB.
763 507 824 563 XII.
868 564 871 571 ,

546 668 647 735 LVII.

139 771 204 837 Cur
227 795 322 858 saepe
346 773 421 838 sicci
442 796 544 859 parva
566 796 641 839 rura
661 773 818 841 Nomenti

137 860 317 946 Laremque
339 863 437 926 villae
461 862 625 928 sordidum
647 867 770 948 petam,
793 863 943 948 quaeris?

138 947 206 1014 Nec
229 949 406 1035 cogitandi,
430 949 560 1035 Sparse,
581 972 641 1016 nec
664 950 846 1035 quiescendi

137 1036 176 1101 In
200 1038 278 1102 urbe
300 1039 389 1102 locus
413 1042 463 1102 est
485 1039 629 1123 pauperi.
665 1038 798 1125 Negant
819 1039 920 1104 vitam

112 1125 220 1189 5Ludi
242 1126 392 1209 magistri
414 1149 522 1210 mane,
543 1130 638 1192 nocte
661 1127 813 1211 pistores,

137 1212 345 1279 Aerariorum
368 1214 503 1279 marculi
526 1215 576 1280 die
598 1219 684 1299 tot03

137 1301 224 1367 Hinc
246 1303 370 1367 otiosus
394 1302 557 1367 sordidam
580 1303 687 1388 quatit
708 1323 854 1368 mensam

137 1389 324 1455 Neroniana
343 1391 579 1456 nummularius
602 1413 723 1474 massa,

137 1478 233 1542 Illinc
255 1479 379 1562 paluois
402 1479 573 1545 malleator
594 1478 760 1562 Hispanae

95 1580 127 1629 10
138 1566 264 1630 Tritum
287 1567 405 1631 nitenti
426 1567 511 1632 fuste
534 1567 684 1632 verberat
707 1588 833 1651 saxum3

137 1654 206 1720 Nec
227 1655 326 1719 turba
348 1659 454 1720 cessat
476 1656 628 1722 entheata
650 1654 819 1738 Bellonae,

137 1743 210 1808 Nec
228 1742 364 1818 fasciato
387 1743 564 1830 naufragus
587 1745 708 1829 loquax
729 1746 858 1827 trunoO,

137 1830 169 1895 A
192 1835 295 1895 matre
318 1832 431 1896 doctus
453 1854 512 1898 nec
534 1853 649 1918 rogare
671 1831 821 1914 Iudaeus,

138 1917 207 1984 Nec
231 1919 438 2003 sulphuratae
460 1920 567 2006 lippus
590 1921 722 1985 institor
743 1919 867 1985 mercis.

95 2006 316 2072 15Numerare
338 2008 425 2092 pigri
448 2007 565 2073 damna
587 2008 643 2093 qui
663 2011 773 2093 potest
794 2007 913 2090 somni,

137 2095 232 2159 Dicet
255 2097 334 2179 quot
356 2117 432 2160 aera
454 2097 623 2161 verberent
644 2117 760 2160 manus
782 2096 886 2178 urbis,

138 2181 220 2247 Cum
244 2188 331 2248 secta
354 2182 476 2249 Colcho
500 2184 592 2249 Luna
614 2184 749 2268 vapulat
769 2183 918 2248 rhombo.

138 2270 201 2354 Tu,
224 2269 354 2356 Sparso,
376 2271 481 2336 nescis
503 2272 580 2356 ista,
597 2293 661 2336 nec
682 2275 776 2355 potes
800 2271 894 2354 scire,

137 2358 306 2424 Petilianis
330 2358 486 2425 delicatus
509 2359 544 2424 in
565 2359 687 2445 regnis,
801 2417 804 2422 .

94 2446 199 2512 roCui
220 2447 319 2532 plana
341 2469 483 2513 summos
507 2446 641 2531 despicit
663 2447 776 2512 domm
799 2449 940 2529 montes,

137 2535 182 2600 Et
204 2557 258 2599 rus
281 2537 316 2600 in
337 2536 417 2600 urbe
441 2539 490 2600 est
512 2535 694 2620 vinitorque
716 2533 882 2600 Romanus

139 2658 180 2670 -
198 2622 267 2689 Nec
289 2623 324 2688 in
344 2623 482 2689 Falerno
506 2624 587 2690 colle
609 2625 713 2689 maior
736 2627 907 2688 autumnus
926 2657 984 2706 -,

138 2710 291 2796 Intraque
314 2713 414 2776 limen
436 2712 542 2777 clusus
566 2712 676 2778 essedo
700 2733 824 2795 cursus,

138 2799 184 2864 Et
205 2800 240 2864 in
262 2799 421 2885 profundo
446 2822 590 2886 somnus,
613 2805 646 2865 et
669 2799 759 2884 quies
780 2799 878 2865 nullis

94 2903 127 2950 ‘ro
139 2887 268 2952 Offensa
290 2888 423 2974 linguis,
445 2910 504 2953 nec
527 2888 594 2953 dies
616 2888 681 2953 nisi
704 2887 871 2953 admissus.

138 2975 207 3040 Nos
229 2978 428 3041 transeuntis
451 2977 535 3041 risus
558 2977 677 3061 excitat
698 2977 825 3054 turbae,

138 3063 183 3128 Et
206 3064 248 3128 ad
269 3065 375 3128 cubile
398 3069 448 3130 est
469 3066 583 3130 Roma.
618 3064 736 3129 Taedio
759 3064 853 3129 fessis

138 3151 287 3216 Dormire
311 3154 458 3238 quotiens
481 3152 592 3237 libuit,
614 3153 699 3218 imus
723 3153 764 3216 ad
785 3151 907 3216 villam.

536 3309 653 3376 LVl'lI.

139 3414 385 3482 Ancillariolum
408 3421 465 3481 tua
487 3421 520 3482 te
542 3421 638 3482 vocat
660 3439 753 3500 uxor,
777 3417 809 3479 et
831 3415 903 3499 ipsa

182 3504 396 3571 Lecticariola
419 3509 481 3570 est:
505 3505 598 3589 estis,
620 3503 760 3590 Alauda,
782 3524 884 3589 pares.

559 3643 644 3713 LIX.

138 3750 278 3816 Tantum
301 3751 358 3817 dat
380 3750 442 3817 tibi
463 3749 569 3819 Βοωα
588 3751 754 3817 basiorum

137 3837 219 3906 Post
240 3860 344 3929 annos
362 3838 461 3909 modo
476 3838 672 3931 «subierim
691 3860 847 3924 reuerso,
