2408 4132
96 308 162 373 200
422 308 459 363 M.
478 307 560 366 VAL.
579 307 775 363 MARTIALIS

553 468 643 534 VIII.

139 575 307 659 Tanquam
329 597 430 660 parva
451 575 537 640 foret
559 595 654 640 serus
677 574 796 640 iniuria
817 576 923 642 nostri

182 663 372 728 Foedandos
395 664 516 747 populo
539 664 745 746 prostituisse
767 686 886 748 mares,

139 752 209 816 Iam
232 773 331 816 cunae
354 751 480 816 lenonis
504 754 609 836 erant,
631 755 668 816 ut
691 753 732 816 ab
755 752 853 817 ubere
876 757 991 837 raptus

161 839 320 905 ⁴Sordida
342 839 454 925 vagitu
476 843 624 923 posceret
646 862 722 904 aera
742 861 835 924 puer:

114 928 318 992 tlmmatura
340 927 462 992 dabant
483 927 632 992 infandas
657 949 793 1013 corpora
815 950 944 1014 poenas.

183 1015 259 1081 Non
280 1016 358 1107 tulit
378 1015 542 1081 Ausonius
565 1016 646 1081 talia
669 1021 815 1082 monstra
837 1022 943 1101 pater,

137 1103 228 1168 Idem
251 1104 306 1188 qui
328 1105 448 1168 teneris
470 1125 573 1189 nuper
596 1105 753 1170 succurrit
775 1105 921 1190 ephebis,

182 1190 232 1256 Ne
254 1194 376 1258 faceret
398 1192 525 1258 steriles
549 1214 644 1258 saeva
666 1192 766 1258 libido
790 1193 885 1258 viros.

138 1279 287 1344 Dilexere
310 1281 399 1364 prius
422 1281 514 1365 pueri
537 1282 730 1365 iuvenesque
753 1302 921 1367 senesque,

95 1384 128 1432 10
182 1368 228 1432 At
250 1390 336 1432 nunc
358 1368 498 1433 infantes
522 1372 555 1434 te
578 1391 717 1454 quoque,
739 1367 871 1453 Caesar,
893 1374 1015 1436 amant.

567 1527 624 1593 IX.

138 1630 195 1696 Nil
217 1632 279 1695 tibi
301 1632 424 1718 legavit
445 1631 577 1716 Fabius,
601 1631 783 1718 Bithynice,
803 1635 857 1699 cui
880 1638 917 1700 tu

183 1720 312 1802 Annua,
335 1720 363 1784 si
385 1719 529 1804 memini,
551 1720 641 1784 milia
664 1743 741 1785 sena
764 1721 872 1787 dabas.

136 1807 215 1873 Plus
237 1808 321 1872 nulli
343 1807 432 1873 dedit
453 1809 523 1872 ille:
548 1809 651 1892 queri,
674 1808 856 1894 Bithynice,
880 1812 964 1877 nolit
1062 1882 1066 1889 ⁵

181 1895 299 1961 Annua
321 1896 442 1983 legavit
464 1896 556 1960 milia
579 1919 656 1961 sena
678 1897 748 1962 tibi.

577 2036 617 2102 X.

136 2139 252 2226 Cenes,
275 2141 449 2222 Canthara,
473 2165 546 2208 cum
568 2143 648 2208 foris
670 2144 823 2230 libenter,

137 2230 266 2296 (llamas
290 2237 323 2296 et
346 2231 509 2296 maledicis
533 2235 565 2296 et
588 2231 731 2296 minaris.

136 2319 287 2402 Deponas
312 2321 436 2384 animos
459 2323 579 2403 truces,
602 2341 781 2386 monemus:
912 2336 915 2341 ·

136 2407 233 2472 Liber
255 2429 320 2472 non
342 2410 436 2492 potes
460 2412 493 2472 et
516 2409 649 2493 gulosus
673 2430 752 2474 esse.

566 2566 622 2632 XI.

136 2669 263 2735 Nomen
287 2693 359 2735 cum
382 2671 476 2736 violis
499 2672 645 2756 rosisque
668 2677 795 2759 natum,

136 2758 206 2835 Quo
230 2781 306 2843 pars
330 2759 453 2842 optima
474 2761 661 2824 nominatur
684 2761 773 2844 anni,

135 2845 280 2929 Hyblam
304 2847 391 2930 quod
414 2847 500 2930 sapit
523 2848 712 2932 Atticosque
734 2850 843 2933 flores,

137 2935 228 3010 Quod
250 2934 343 3001 nidos
367 2934 433 2998 olet
456 2935 543 2999 alitis
567 2932 752 3022 superbae,

110 3020 265 3087 oNomen
286 3026 414 3087 nectare
438 3021 561 3088 dulcius
583 3024 694 3109 beato,

137 3110 205 3185 Quo
230 3111 343 3175 mallet
366 3109 500 3196 Cybeles
523 3133 603 3195 puer
625 3113 733 3177 vocari

134 3198 180 3262 Et
202 3200 258 3282 qui
280 3200 397 3285 pocula
419 3203 580 3283 temperat
601 3199 754 3287 Tonanti,

136 3286 229 3362 Quod
253 3288 280 3351 si
302 3287 476 3352 Parrhasia
500 3310 593 3354 sones
615 3289 650 3352 in
673 3292 759 3373 aula,

134 3375 342 3460 Respondent
364 3375 507 3441 Veneres
530 3375 779 3462 Cupidinesque3

92 3479 124 3528 10
134 3461 262 3528 Nomen
283 3464 406 3548 nobile,
429 3465 540 3545 molle,
564 3465 737 3531 delicatum

133 3549 236 3617 Versu
263 3552 366 3618 dicere
388 3574 454 3618 non
477 3554 549 3618 rudi
572 3554 732 3619 volebam:

118 3635 187 3706 Sed
210 3643 246 3708 tu
271 3642 406 3729 syllaba
431 3647 610 3712 contumax
629 3664 804 3730 repugnas.
837 3664 1037 3743 μω
