2408 4132
351 348 649 406 Errennnnnuou
667 349 733 404 nm.
752 352 772 406 1.
1015 349 1064 416 ⁴29

489 564 633 630 LXXVI.

105 671 132 737 Ο
157 671 238 736 mihi
261 694 410 737 curarum
433 672 573 756 pretium
595 693 662 736 non
683 672 747 736 vile
771 693 930 755 mearum,

148 759 275 843 Flacco,
297 759 476 824 Antenorei
499 781 573 844 spes
597 763 632 824 et
653 760 782 824 alumne
804 760 897 844 laris,

104 848 228 913 Pierios
251 848 344 913 differ
366 852 479 913 cantus
503 848 726 932 citharamque
748 870 909 932 sororum3

148 936 214 1000 Aes
237 935 329 1000 dabit
351 959 390 1000 ex
413 937 485 1000 istis
508 937 599 1011 nulla
621 936 730 1021 puella
752 936 832 1000 tibi..

78 1025 190 1102 sQuid
208 1025 292 1110 petis
312 1024 499 1090 aPhoebo‘?
516 1046 667 1089 nummos
685 1024 785 1088 habet
799 1047 874 1088 arca
888 1023 1065 1106 Mineruae3

147 1111 237 1178 Haec
260 1113 359 1198 sapit,
381 1113 461 1177 haec
484 1134 595 1176 omnes
618 1112 746 1176 fenerat
767 1135 832 1178 una
855 1111 940 1177 deos,

107 1200 191 1277 Quid
213 1205 350 1285 possunt
372 1201 509 1266 hederae
533 1200 653 1265 Bacchi
677 1201 774 1265 dare?
801 1201 945 1265 Palladis
969 1201 1066 1265 arbor

148 1289 290 1353 Inclinat
312 1290 420 1354 varias
442 1289 583 1373 pondere
605 1291 703 1374 nigra
725 1311 844 1354 comas.

104 1376 238 1441 Praeter
261 1400 362 1461 aquas
384 1376 523 1442 Helicon
545 1381 578 1442 et
601 1382 688 1441 serta
711 1378 864 1461 lyrasque
888 1378 1017 1441 dearum

64 1481 97 1529 ιο
149 1463 208 1529 Nil
230 1466 331 1531 habet
353 1469 386 1530 et
409 1487 577 1551 magnum,
601 1466 657 1529 sed
680 1467 833 1549 perinane
857 1465 986 1550 sophos.

108 1553 192 1630 Quid
213 1553 276 1618 tibi
298 1576 372 1618 cum
390 1551 529 1619 Cirrha?
552 1553 629 1638 quid
650 1577 722 1618 cum
739 1553 939 1617 Permesside
957 1552 1065 1617 nuda?
1128 1580 1130 1584 ·

148 1640 334 1706 Romanum
356 1643 489 1726 propius
513 1642 707 1726 divitiusque
730 1642 836 1706 forum
859 1646 918 1707 est.

104 1728 176 1795 Illic
199 1750 275 1794 aera
299 1735 429 1795 sonant:
452 1734 487 1795 at
510 1732 628 1795 circum
653 1731 780 1815 pulpita
801 1734 914 1794 nostra

149 1817 194 1883 Et
217 1818 343 1883 steriles
367 1818 538 1884 cathedras
561 1820 653 1883 basia
677 1819 748 1882 sola
770 1821 912 1902 crepant.

485 2029 648 2095 LXXVII.

106 2135 243 2201 Pulchre
266 2137 355 2202 valet
370 2134 551 2215 Charinus,
575 2142 607 2200 et
630 2140 739 2201 tamen
761 2137 873 2220 pallet.
899 2142 902 2149 '

106 2223 205 2290 Parce
229 2224 312 2289 bibit
335 2223 508 2304 Charinus,
532 2228 564 2287 et
586 2228 702 2288 tamen'
719 2226 829 2309 pallet.

106 2311 193 2377 Bene
216 2313 389 2396 concoquit
412 2311 585 2396 Charinus,
609 2316 641 2375 et
664 2317 775 2376 tamen
798 2313 908 2397 pallet.

108 2399 182 2466 Sole
205 2401 310 2465 utitur
332 2399 504 2482 Charinus,
528 2406 560 2465 et
583 2405 694 2464 tamen
715 2401 825 2485 pallet.

81 2489 218 2573 oTingit
242 2494 348 2554 cutem
372 2488 545 2573 Charinus,
568 2493 601 2553 et
623 2494 734 2553 tamen
755 2489 869 2573 pallet.

109 2574 255 2642 Cunnum
279 2576 440 2642 Charinus
462 2577 572 2661 lingit,
596 2582 628 2641 et
650 2583 759 2641 tamen
781 2577 890 2661 pallet.

473 2788 652 2854 nixum.
746 2758 748 2762 ’

106 2893 261 2980 Indignas
283 2899 443 2978 premeret
465 2896 567 2980 pestis
591 2917 663 2960 curn
686 2894 800 2958 tabida
820 2893 929 2958 fauces

149 2983 252 3067 Inque
275 3005 350 3047 auos
375 2983 483 3046 vultus
507 2987 652 3068 serperet
674 2987 746 3046 atra
768 2984 849 3064 lues,

109 3069 208 3136 Siccis
230 3071 299 3154 ipse
323 3071 416 3156 genis
436 3072 550 3136 flentes
573 3071 723 3135 hortatus
747 3071 867 3135 amicos

149 3159 301 3225 Decrevit
325 3158 459 3244 Stygios
481 3159 597 3223 Festus
622 3159 709 3223 adire
732 3160 830 3223 lacus.

81 3246 176 3312 oNec
198 3252 308 3312 tamen
332 3249 468 3312 obscuro
492 3250 546 3331 pia
568 3248 687 3333 polluit
710 3269 768 3311 ora
789 3268 911 3311 veneno

150 3335 220 3400 Aut
242 3337 340 3400 torsit
362 3337 451 3400 lenta
474 3337 581 3401 tristia
603 3336 672 3400 fata
694 3335 794 3416 fame,

108 3420 259 3489 Sanctam
281 3425 429 3489 Romana
450 3425 552 3489 vitam
576 3425 632 3497 sed
655 3428 759 3488 morte
782 3423 908 3508 peregit

150 3511 345 3597 Dimisitque
369 3513 511 3577 animam
533 3512 692 3577 nobiliore
715 3513 776 3576 via.

106 3599 200 3666 Hanc
222 3606 359 3666 mortem
382 3600 460 3665 fatis
484 3601 595 3690 magni
618 3599 782 3686 praeferre
803 3597 944 3666 (tatonis

63 3706 97 3755 10
145 3688 247 3754 Fama
264 3695 393 3774 potest:
415 3691 515 3761 huius
540 3691 666 3762 Caesar
691 3689 824 3760 amicus
845 3688 934 3753 erat.
