2408 4132
368 314 664 371 EPIGRAMMATON
682 316 749 372 LIB.
768 317 804 372 ΙΙ.
1046 316 1087 380 51

104 476 241 560 critque
264 499 362 541 unam
384 477 503 542 vestire
525 478 647 542 tribum
669 482 727 542 tua
749 478 883 543 candida
905 481 1055 562 possunt,

174 565 307 649 Appula
328 587 396 630 non
416 587 481 630 uno
505 587 586 649 quae
609 587 707 652 grege
730 570 819 631 terra
840 566 927 632 tulit

131 653 180 716 Tu
203 658 330 737 spectas
353 653 492 717 hiemem
516 653 669 719 succincti
691 655 799 719 lentus
822 655 918 718 amici

175 777 219 786 -
241 740 305 806 Pro
330 741 449 806 scelus!
472 775 514 789 —-
538 745 571 806 et
593 742 707 806 lateris
728 742 854 827 frigora
876 742 956 806 trita
978 741 1036 806 tui.

133 828 296 904 Quantum
320 833 402 911 erat,
424 828 552 912 infelix,
573 830 690 914 pannis
712 830 862 895 fraudare
885 830 1009 894 duobus
1032 866 1068 876 -

88 933 121 980 10
177 915 261 992 Quid
283 917 423 981 metuis?
445 953 482 964 —
503 939 570 982 non
591 922 637 1000 te,
659 917 817 998 Naevole,
845 919 900 983 sed
922 917 1049 982 tineas?

523 1057 655 1123 XLVII.

133 1163 277 1228 Subdola
298 1163 443 1228 famosae
466 1185 582 1228 moneo
604 1164 681 1250 fuge
703 1165 787 1229 retia
809 1166 974 1247 moechae,

176 1250 294 1317 Levior
317 1273 336 1316 o
360 1251 504 1333 conchis,
527 1250 633 1335 Galle,
657 1251 865 1335 Cytheriacis.

132 1337 275 1405 Confidis
298 1340 452 1404 natibus?
474 1361 541 1404 non
564 1343 613 1404 est
636 1341 768 1423 paedico
791 1342 940 1406 maritus:

176 1427 264 1503 Quae
286 1428 387 1493 faciat
410 1428 472 1492 duo
496 1432 585 1493 sunt:
608 1428 746 1493 irrumat
767 1434 825 1494 aut
845 1430 953 1496 futuit

516 1567 664 1633 XLVIII.

132 1674 296 1758 Coponem
318 1673 505 1758 laniumque
529 1674 756 1758 balneumque,

131 1763 308 1827 Tonsorem
331 1762 540 1847 tabulamque
563 1762 766 1846 calculosque

129 1852 176 1915 Et
197 1872 331 1934 paucos,
354 1850 410 1915 sed
433 1854 470 1914 ut
492 1850 630 1935 eligam,
652 1851 794 1915 libellos:

130 1939 238 2003 Unum
261 1960 327 2002 non
348 1939 485 2002 nimium
507 1939 620 2002 rudem
642 1938 786 2003 sodalem

104 2028 179 2092 sae
199 2027 352 2111 grandem
375 2048 510 2111 puerum
533 2025 651 2109 diuque
675 2026 777 2090 levem

129 2115 176 2180 Et
198 2136 306 2179 caram
328 2136 429 2198 puero
453 2136 525 2179 meo
547 2114 703 2197 puellam:

129 2202 220 2268 Haec
241 2205 373 2286 praesta
395 2201 489 2280 mihi,
512 2201 609 2285 Rufe,
632 2202 684 2267 vel
707 2199 873 2278 Butuntis,

130 2292 176 2355 Et
197 2290 341 2355 thermas
364 2289 427 2354 tibi
449 2289 533 2354 habe
556 2288 767 2354 Neronianas.

531 2429 646 2495 XLIX.

131 2539 271 2604 Uxorem
294 2539 370 2604 nolo
393 2536 576 2601 Telesinam
600 2535 727 2600 ducere:
751 2534 871 2619 quare?

174 2626 310 2692 Moecha
333 2630 398 2691 est.¹
438 2623 501 2690 Sed
523 2623 632 2709 pueris
655 2623 712 2688 dat
734 2622 891 2688 Telesina.
935 2621 1029 2688 Volo.

571 2764 607 2829 L.

133 2873 227 2948 Quod
249 2871 346 2936 fellas
369 2874 402 2935 et
426 2892 542 2954 aquam
564 2874 673 2957 potas,
695 2870 757 2953 nil,
779 2869 910 2952 Lesbia,
932 2892 1055 2955 peccas.

84 2997 92 3010 ·
175 2959 246 3036 Qua
268 2960 330 3024 tibi
352 2963 445 3042 parte
469 2980 549 3041 opus
573 2963 636 3043 est,
659 2958 791 3042 Lesbia,
814 2958 914 3022 sumis
938 2981 1064 3044 aquam.

561 3099 612 3163 LI.

129 3204 222 3270 Unus
246 3227 341 3291 saepe
364 3206 427 3270 tibi
448 3209 521 3270 tota
543 3205 693 3270 denarius
716 3226 791 3270 arca

175 3291 257 3359 Cum
280 3295 324 3359 sit
346 3298 379 3358 et
401 3293 454 3358 hic
477 3294 549 3358 culo
571 3292 694 3377 tritior,
717 3293 827 3377 Hylle,
851 3297 922 3371 tuo,

128 3381 205 3447 Non
222 3387 331 3447 tamen
351 3382 436 3447 hunc
453 3383 572 3467 pistor,
588 3403 656 3446 non
674 3381 798 3446 auferet
816 3382 902 3446 hunc
915 3381 977 3445 tibi
996 3403 1088 3466 copo,

175 3469 238 3536 Sed
262 3471 290 3535 si
313 3471 384 3555 quis
407 3470 508 3534 nimio
531 3492 612 3553 pene
636 3470 792 3553 superbus
816 3469 885 3534 erit.

101 3559 247 3625 alnfelix
270 3563 383 3624 venter
406 3562 532 3642 spectat
555 3557 702 3622 convivia
724 3559 786 3622 culi

173 3648 220 3712 Et
243 3669 369 3733 semper
391 3649 490 3712 miser
511 3646 565 3713 hic
589 3646 706 3734 esurit,
725 3645 786 3712 ille
806 3650 919 3713 sarah.

923 3747 958 3802 ῃ
