2408 4132
371 488 666 568 urremmnauou
685 491 752 546 ma.
773 491 805 546 v.
844 458 853 475 ’
1025 490 1086 555 117

49 642 52 647 ¹
133 650 216 727 Quid
239 673 308 716 esse
330 655 443 716 nostro
466 651 584 716 fortius
606 637 716 735 potest
737 653 859 717 Paeto?

131 739 303 804 Ducenties
328 741 465 824 accepit,
488 744 521 803 et
543 744 653 804 tamen
675 741 762 806 vivit.

499 879 680 945 XXXVIII.

132 977 332 1043 Calliodorus
342 978 441 1042 habet
451 978 706 1061 censum-quis
715 978 1087 1064 nescit‘l—equestrem,

176 1065 285 1148 Sexte,
308 1066 364 1130 sed
387 1069 420 1130 et
442 1064 578 1129 fratrem
601 1065 803 1130 Calliodorus
826 1065 933 1131 habet.

133 1150 391 1236 „Quadringenta
414 1149 502 1215 seca“
524 1151 580 1235 qui
604 1151 693 1236 dicit,
718 1162 802 1218 σῦκα
824 1156 955 1239 μερίζειι

174 1243 247 1306 Uno
271 1241 373 1304 credis
396 1262 478 1324 equo
500 1261 596 1323 posse
618 1241 728 1305 sedere
751 1243 853 1306 duos?

104 1330 215 1405 eQuid
238 1352 310 1394 cum
333 1329 434 1392 fratre
456 1327 531 1411 tibi,
555 1328 631 1410 quid
656 1351 728 1393 cum
750 1329 881 1394 Polluce
904 1330 1063 1396 molesto?

174 1417 250 1499 Non
273 1420 358 1481 esset
379 1416 495 1481 Pollux
518 1416 546 1479 si
569 1416 644 1498 tibi,
668 1415 784 1482 Castor
806 1440 886 1482 eras.

129 1506 221 1572 Unus
245 1527 316 1568 cum
341 1504 425 1587 sitis,
449 1505 525 1587 duo,
548 1502 744 1589 Calliodore,
767 1505 907 1570 sedetis?
992 1567 998 1578 ,

77 1611 79 1615 ’
175 1593 288 1679 Surge:
314 1593 542 1676 σολοικισμὸν,
563 1591 763 1677 Calliodore,
785 1592 876 1658 facis.

129 1684 198 1747 Aut
220 1681 347 1745 imitare
371 1702 472 1766 genus
494 1679 601 1744 Ledae
623 1716 666 1728 --
690 1703 762 1746 cum
784 1682 884 1746 fratre
908 1682 1017 1747 sedere

86 1788 119 1836 10
155 1769 249 1848 Non
270 1772 362 1853 potes
388 1792 442 1832 -ε
467 1769 614 1851 alternis,
638 1767 834 1854 Calliodore,
856 1771 938 1836 sede.

513 1910 660 1976 XXXIX.

130 2009 303 2095 Supremas
326 2008 387 2071 tibi
409 2007 518 2072 tricies
540 2010 575 2072 in
598 2030 682 2072 anno
743 2038 746 2044 ·

130 2097 281 2181 Signanti
303 2095 447 2178 tabulas,
471 2093 622 2180 Charine,
645 2096 720 2160 misi

128 2178 284 2268 Hyblaeis
307 2183 453 2248 madidas
476 2184 598 2267 thymis
620 2185 795 2268 placentas.

127 2272 252 2337 Defeci:
276 2273 427 2337 miserere
450 2273 529 2349 iam,
552 2269 705 2335 Charine:

102 2362 230 2446 5Signa
252 2361 370 2443 rarius,
395 2362 452 2423 aut
475 2359 574 2423 semel
595 2360 648 2424 fac
670 2358 765 2442 illud,

129 2448 286 2513 Mentitur
308 2451 365 2512 tua
389 2447 474 2530 quod
496 2447 631 2512 subinde
654 2446 762 2511 tussis.

128 2537 265 2602 Excussi
287 2536 475 2619 loculosque
498 2535 736 2618 saeculumque:

129 2624 249 2690 Croeso
273 2624 407 2688 divitior
427 2623 504 2688 licet
524 2623 673 2701 fuissem,

127 2713 181 2781 Iro
204 2713 377 2797 pauperior
399 2711 515 2796 forem,
539 2710 691 2794 Charine,
729 2790 732 2795 ἢ

85 2819 118 2867 ιο
129 2800 164 2866 Si
187 2800 340 2865 conchem
361 2800 482 2864 totiens
504 2822 609 2864 meam
632 2818 799 2864 comesses.

128 3040 267 3104 Pinxisti
289 3036 461 3122 Venerem,
483 2940 818 3121 colithrtemidore,
839 3035 1032 3102 Minervam:

172 3129 218 3192 nt
240 3125 384 3210 miraris,
407 3147 487 3210 opus
511 3126 712 3210 displicuisse
734 3126 848 3189 tuum?

545 3284 628 3349 XLI.

130 3383 277 3467 Spadone
300 3405 373 3447 eum
396 3383 441 3447 sis
464 3381 618 3447 eviratior
640 3381 739 3464 fluxo,

127 3473 173 3537 Et
196 3472 373 3555 concubino
396 3471 526 3535 mollior
548 3468 738 3551 Celaenaeo,

130 3560 232 3636 Quem
256 3564 361 3625 sectus
385 3559 489 3623 ululat
511 3557 625 3621 matris
649 3557 783 3620 entheae
806 3555 935 3639 Gallus,

127 3648 270 3712 Theatra
293 3647 435 3732 loqueris
459 3650 492 3711 et
515 3645 633 3731 gradus
657 3648 690 3708 et
713 3643 830 3725 edicta,

101 3736 333 3820 eTrabeasque
356 3739 389 3799 et
410 3734 486 3798 Idus
509 3733 691 3818 fibulasque
713 3752 913 3812 censusque,

119 3823 169 3888 Et
186 3825 359 3910 pumicata
380 3847 548 3915 pauperes
571 3845 679 3892 mauu
698 3823 889 3889 monstras.
