2408 4132
19 35 1171 236 zamam

322 447 618 504 EPIGRAMMATON
634 449 700 504 LIB.
720 450 792 508 XIV.
992 451 1056 516 337
1089 400 1091 404 '

277 592 279 596 ยน
307 608 416 675 OLIV.
439 611 548 676 Lanae
569 611 798 695 amethystinae.

94 716 196 780 Ebria
219 714 369 780 Sidoniae
393 738 466 781 cum
490 717 550 779 sim
574 716 611 780 de
635 717 791 801 sanguine
814 717 968 802 conchae,

138 803 213 868 Non
235 804 342 888 video,
366 826 464 888 quare
488 804 597 868 sobria
619 806 694 868 lana
716 825 821 870 vocer.

442 945 551 1008 Lanae
573 945 668 1009 albae.

94 1041 280 1106 Velleribus
300 1041 417 1125 ,primis
441 1040 598 1126 Appulia,
621 1041 740 1105 Parma
763 1041 910 1106 secundis

138 1129 281 1214 Nobilis3
304 1129 455 1194 Altinum
478 1128 575 1193 tertia
598 1129 711 1194 laudat
735 1130 814 1197 ovis.

364 1268 474 1335 CLVI.
496 1270 606 1334 Lanae
626 1269 747 1352 Tyriae.

95 1375 164 1440 Nos
187 1374 460 1441 Lacedaemoniae
483 1379 597 1460 pastor
620 1375 752 1439 donavit
775 1375 909 1440 amicae:

138 1464 288 1529 Deterior
310 1464 416 1530 Ledae
439 1485 584 1548 purpura
606 1464 719 1527 matris
743 1471 822 1529 erat.

390 1605 499 1669 Lanae
521 1604 721 1669 Pollentinae.

94 1701 170 1766 Non
193 1704 321 1766 tantum
344 1701 434 1785 pullo
458 1703 609 1787 lugentes
632 1702 751 1766 vellere
774 1701 878 1786 lanas,

139 1789 201 1853 Sed
225 1790 308 1854 solet
331 1794 364 1854 et
386 1790 504 1855 calices
526 1789 605 1854 haee
629 1789 704 1854 dare
727 1793 815 1854 terra
838 1812 922 1855 suos.

506 1931 601 1996 Iden.

20 2088 22 2092 ,
94 2028 183 2092 Lana
206 2027 333 2110 quidem
356 2028 474 2110 tristis,
496 2026 553 2090 sed
575 2027 677 2090 tonsis
701 2028 778 2109 apta
800 2027 971 2110 ministris,

141 2116 260 2192 Quales
283 2137 349 2179 non
371 2115 476 2198 primo
501 2115 539 2178 de
562 2135 660 2199 grege
683 2136 794 2178 mensa
817 2114 904 2179 citat.

280 2253 388 2319 CLIX.
413 2256 593 2319 Tomentum
615 2254 825 2318 Lenccnicnnt.

95 2353 276 2437 Oppressae
298 2353 433 2416 nimium
456 2351 563 2416 vicina
586 2355 636 2414 est
658 2351 758 2414 fascia
780 2350 932 2432 plumae?

139 2441 270 2505 Vellera
291 2439 479 2505 Leuconicis
503 2439 611 2522 accipe
634 2460 709 2503 rasa
732 2439 830 2523 sagis.

379 2580 559 2646 Tomentnen
581 2579 727 2645 Circense.

95 2688 288 2752 Tomentum
310 2687 438 2753 concisa
460 2685 554 2770 palus
578 2683 726 2749 Circense
749 2688 891 2749 vocatur.

140 2776 227 2840 Haec
249 2797 308 2860 pro
331 2775 510 2840 Leuconico
535 2773 691 2838 stramina
713 2795 834 2858 pauper
857 2774 943 2837 emit.

427 2913 538 2981 cnxl.
559 2915 685 2980 Planta.

94 3021 214 3087 Lassus
238 3019 415 3107 Amyclaea
438 3021 561 3106 poteris
584 3021 783 3105 requiescere
806 3021 930 3104 pluma,

139 3109 279 3175 Interior
302 3112 398 3194 cygni
421 3133 518 3195 quam
541 3110 603 3174 tibi
626 3110 702 3174 lana
725 3109 819 3173 dedit.

479 3251 631 3315 Faennnn.

95 3357 257 3421 Fraudata
280 3360 404 3421 tumeat
424 3356 551 3441 fragilis
574 3355 636 3420 tibi
659 3354 777 3420 culcita
800 3354 897 3418 mula.

139 3446 214 3510 Non
237 3445 325 3509 venit
348 3445 388 3509 ad
412 3444 508 3509 duros
530 3444 654 3529 pallida
676 3464 753 3507 cura
775 3447 874 3506 toros.

346 3583 491 3649 CLXIII.
515 3584 759 3649 Tintinalnlnm.

94 3691 203 3756 Redde
221 3691 337 3774 pilam:
356 3695 451 3755 sonat
470 3713 523 3755 aes
542 3691 751 3755 thermarum.
782 3688 905 3754 Ludere
923 3689 1055 3774 pergis?

138 3779 273 3864 Virgine
297 3778 344 3844 vis
369 3779 439 3844 sola
461 3779 550 3846 lotus
573 3779 665 3844 abire
688 3778 836 3844 domurn.

95 3889 176 3931 mar.
896 3878 941 3925 aa.
