2408 4132
338 444 630 500 EPIGRAMMATON
648 446 762 500 LIBER.

90 606 187 672 Nuda
211 606 385 672 Caledonio
410 609 456 673 sie
478 609 601 674 viscera
623 610 773 693 praebuit
794 631 870 674 urso

134 695 211 760 Non
232 696 318 761 falsa
340 696 483 780 pendens
506 697 541 759 iu
563 719 656 761 cruce
674 697 859 763 Laureolus.

63 783 257 849 5Vivebant
280 784 379 849 laceri
402 785 556 848 membris
579 785 780 849 stillantibus
804 789 893 850 artus

135 871 236 955 Inque
260 873 347 936 omni
370 894 531 956 nusquam
554 894 687 956 corpore
711 895 825 956 eorpus
849 876 928 938 erat.

91 960 238 1044 Denique
262 961 458 1044 supplicium
480 963 608 1044 dipsium
630 963 717 1027 tulit:
740 963 792 1026 elle
806 963 948 1044 pareatis

133 1046 196 1112 Vel
220 1049 341 1112 domini
363 1049 511 1133 iugulum
533 1049 660 1114 foderat
684 1071 759 1114 ense
782 1071 914 1132 nocens,

90 1135 227 1219 Templa
248 1138 299 1200 vel
324 1159 441 1201 arcano
466 1137 597 1202 demens
621 1138 820 1222 spoliaverat
842 1159 935 1219 auro,

46 1242 79 1289 10
137 1224 330 1289 Subdiderat
353 1247 466 1289 saevas
489 1226 541 1289 vel
565 1225 639 1309 tibi,
661 1225 779 1308 Roma,
802 1226 897 1290 faces.

90 1312 223 1377 Vicerat
247 1313 397 1395 antiquae
422 1314 597 1378 sceleratus
621 1313 756 1378 erimina
778 1314 897 1396 famae,

135 1399 173 1464 In
197 1423 274 1484 quo,
298 1423 379 1484 quae
401 1401 508 1465 fuerat
530 1402 656 1486 fabula,
678 1424 782 1485 poena
803 1400 867 1465 fuit

504 1577 593 1643 VIII.

90 1681 248 1765 Daedale,
271 1682 401 1747 Lucano
425 1705 498 1747 cum
521 1685 568 1748 si0
592 1684 741 1748 lacereris
766 1684 806 1746 ab
830 1704 919 1766 urs0,

136 1769 239 1844 Quam
263 1793 396 1856 cuperes
419 1773 537 1856 pinnas
560 1794 644 1836 nuno
667 1771 819 1835 habuisse
842 1773 927 1835 tuas!

523 1947 578 2012 IX.

90 2052 261 2117 Praestitit
284 2053 448 2118 exhibItus
471 2058 544 2119 tota
566 2055 641 2138 tibi,
664 2052 796 2137 Caesar,
819 2054 942 2118 harena

136 2139 223 2215 Quae
246 2163 313 2205 non
334 2141 485 2226 promisit
507 2143 633 2226 proelia
655 2142 849 2207 rhinoceros.

93 2227 120 2290 Ο
145 2250 241 2310 quam
264 2229 429 2293 terribiles
454 2230 577 2294 exarsit
599 2252 719 2314 pronus
741 2231 776 2294 in
797 2230 875 2294 iras!

137 2315 283 2390 Quantus
308 2321 378 2382 erat
400 2325 527 2400 taurus,
551 2319 602 2382 cui
624 2317 692 2402 pila
715 2321 827 2382 taurus
851 2317 934 2382 erat!

531 2493 571 2559 X.

91 2598 244 2664 Laeserat
266 2601 395 2686 ingrato
418 2601 470 2664 leo
493 2601 635 2683 perfidus
659 2621 713 2664 ore
737 2599 943 2684 magistrum,

137 2688 244 2752 Ausus
268 2692 336 2753 tam
359 2692 454 2752 notas
479 2692 698 2753 contemerare
722 2709 850 2770 manuS,

92 2773 155 2841 Sed
178 2777 293 2862 dignas
317 2780 410 2840 tanto
433 2777 592 2860 persolvit
615 2776 747 2840 crimine
771 2776 904 2858 poenas,

135 2863 180 2929 Idt
203 2865 258 2947 qui
280 2887 347 2930 non
369 2865 491 2929 tulerat
513 2865 661 2947 verbera,
683 2864 751 2928 tela
773 2864 859 2927 tulit.

65 2952 180 3028 eQucs
204 2953 295 3017 decet
318 2975 388 3017 esse
411 2952 578 3017 hominum
603 2953 663 3016 tali
683 2952 742 3016 sub
766 2952 909 3036 principe
933 2973 1051 3034 mores,

138 3040 199 3115 Qui
221 3041 312 3105 iubet
335 3040 501 3124 ingenium
524 3041 634 3104 mitius
658 3062 727 3104 esse
750 3039 840 3104 feris!

524 3234 579 3300 XI.

91 3341 249 3426 Praeceps
274 3342 450 3427 sanguinea
473 3342 550 3404 dum
574 3363 608 3404 se
630 3344 719 3405 rotat
741 3362 835 3404 ursus
858 3341 991 3423 harena,

137 3430 334 3515 Implicitam
357 3431 444 3494 visco
468 3429 608 3513 perdidit
630 3429 686 3492 ille
709 3429 830 3513 fugam.

95 3516 270 3602 Splendida
293 3519 358 3582 iam
381 3521 468 3582 tecto
492 3521 619 3583 cessent
641 3517 799 3580 venabula
820 3516 920 3598 ferro,

136 3606 204 3672 Neo
227 3608 315 3672 volet
337 3628 472 3671 excussa
494 3607 605 3669 lancea
627 3608 716 3668 torta
739 3626 850 3686 manu3

66 3695 280 3780 tDeprendat
303 3716 403 3760 vacuo
427 3698 561 3758 venator
584 3693 618 3757 in
642 3698 714 3757 aare
736 3692 902 3777 praedam,

114 3782 171 3848 si
195 3787 324 3869 captare
347 3783 433 3848 feras
458 3782 593 3872 aucupis
616 3785 690 3849 arte
710 3781 837 3869 placet.
906 3871 926 3903 ἡ

890 3889 911 3935 a
