2408 4132
152 487 216 551 222
477 486 514 542 Μ.
536 485 612 542 VAL.
631 485 828 539 MARTIALIS
944 570 947 574 Δ

195 649 349 714 Frontem
374 648 526 712 sutilibus
548 649 646 712 ruber
668 648 807 733 coronis3

196 736 248 802 Sic
271 737 326 801 uni
349 736 410 801 tibi
433 738 477 801 sit
499 758 578 821 puer
601 735 750 800 cinaedus

194 826 239 890 Et
261 826 442 890 castissima
465 824 589 907 pruriat
611 824 731 907 puella:

195 913 353 978 Infamem
375 913 476 977 nimio
500 913 605 977 calore
629 910 760 996 Cypron

153 1019 185 1068 10
196 1001 370 1084 Observes,
393 1022 507 1065 moneo
530 1021 717 1082 precorque,
740 998 867 1083 Flacco,

194 1090 316 1154 Messes
340 1109 414 1154 area
437 1111 509 1152 cum
532 1091 616 1152 teret
639 1092 807 1172 crepantes

195 1179 240 1243 Et
261 1178 388 1242 fervens
411 1177 488 1241 iuba
511 1177 632 1241 saeviet
655 1177 768 1240 leonis.

195 1265 242 1331 At
264 1270 314 1348 tu,
337 1266 410 1330 diva
432 1264 551 1349 Paphi,
573 1264 702 1328 remitte
724 1264 845 1329 nostris

194 1353 346 1418 Illaesum
369 1356 516 1418 iuvenem
539 1352 668 1416 remitte
691 1351 789 1416 votis:

154 1458 185 1507 15
197 1442 249 1508 Sic
271 1442 386 1507 Martis
409 1443 471 1506 tibi
495 1441 636 1506 serviant
659 1440 825 1504 Kalendae

195 1531 332 1595 Etcum
355 1534 427 1594 ture
450 1551 600 1614 meroque
623 1528 818 1612 victimaque

194 1618 329 1683 Libetur
353 1619 414 1682 tibi
437 1617 587 1681 candidas
611 1618 746 1682 aderas

198 1705 291 1772 Secta
313 1706 455 1789 plurima
478 1705 599 1789 quadra
623 1705 661 1768 de
683 1705 843 1789 placenta.

615 1817 698 1883 xcl.

195 1908 249 1972 Ad
271 1929 383 1972 cenam
406 1907 434 1970 si
457 1929 507 1971 me
531 1906 659 1971 diversa
681 1911 811 1971 vocaret
833 1906 867 1970 in
891 1909 978 1971 astra

239 1996 325 2060 Hinc
347 1995 504 2061 invitator
527 1993 687 2077 Caesaris,
710 1994 784 2058 inde
809 1993 909 2077 lovis,

197 2086 296 2149 Astra
317 2083 394 2148 licet
416 2083 562 2168 propius,
585 2082 714 2147 Palatia
736 2082 865 2166 longius
889 2087 1010 2162 essent,

239 2173 407 2257 Responsa
430 2172 469 2236 ad
493 2193 625 2256 superos
647 2170 726 2235 haec
749 2171 915 2235 referenda
938 2172 1061 2236 darem:

171 2261 366 2345 5„Quaerite
390 2260 446 2345 qui
469 2260 565 2324 malit
586 2259 657 2324 fieri
680 2260 815 2324 conviva
838 2258 1008 2324 Tonantis:

240 2349 292 2414 Me
315 2370 404 2414 meus
427 2348 579 2412 interris
603 2349 761 2432 luppiter,
784 2368 869 2429 ecce,
892 2347 1008 2413 tenet.“

605 2469 704 2536 XCII.

197 2560 284 2638 Quae
303 2562 390 2625 mala
409 2565 484 2625 sunt
503 2560 638 2643 domini,
654 2581 736 2643 quae
755 2559 841 2623 servi
852 2557 1027 2643 commoda,
1040 2560 1157 2642 nescis,

112 2653 115 2659 ’
241 2648 396 2733 Condyle,
421 2651 475 2734 qui
499 2670 626 2713 servum
649 2651 681 2711 te
704 2646 806 2732 gemis
830 2668 900 2711 esse
923 2648 986 2712 diu.

196 2736 263 2802 Dat
285 2738 347 2801 tibi
370 2758 499 2802 securos
522 2736 596 2801 vilis
619 2735 796 2820 tegeticula
819 2756 964 2821 somnos,

240 2825 384 2910 Pervigil
406 2825 441 2888 in
463 2826 573 2907 pluma
596 2822 709 2905 Gaius,
733 2845 818 2908 ecce,
841 2825 934 2889 iacet.

172 2913 299 2980 5Gaius
323 2913 470 2994 aprima
493 2912 722 2978 tremebundus
745 2913 815 2976 luee
839 2913 960 2977 salutat

241 3000 305 3064 Tot
328 2999 488 3083 dominos,
512 3003 546 3063 at
568 3003 619 3082 tu,
642 2999 797 3084 Condyle,
820 3021 879 3065 nec
903 3000 1079 3065 dominum.

197 3088 309 3174 „Quod
333 3086 443 3171 debes,
467 3087 540 3169 Gai,
560 3087 673 3151 redde“
694 3088 800 3173 inquit
817 3087 968 3154 Phoebus
991 3093 1024 3153 et
1045 3089 1137 3154 illino

242 3175 431 3242 Cinnamus:
454 3176 516 3241 hoc
538 3177 630 3259 dicit,
653 3174 809 3260 Condyle,
833 3199 927 3242 nemo
950 3177 1019 3242 tibi.

198 3265 368 3330 Tortorem
391 3264 531 3330 metuis?
554 3265 700 3351 podagra
723 3266 941 3351 cheragraque
965 3269 1093 3330 secatur

156 3372 188 3419 10
243 3353 343 3418 Gaius
367 3357 400 3418 et
422 3353 535 3417 mallet
557 3353 690 3417 verbera
713 3353 802 3417 mille
825 3354 903 3438 pati.

200 3441 292 3518 Quod
309 3463 368 3507 neo
387 3463 481 3506 mane
499 3442 604 3506 vomis
625 3464 684 3506 neo
702 3463 855 3525 cunnum,
869 3441 1029 3528 Condyle,
1047 3442 1161 3529 lingis,

243 3529 320 3596 Non
344 3530 461 3614 mavis,
484 3551 581 3615 quam
604 3533 654 3593 ter
679 3529 778 3594 Gaius
802 3552 872 3595 esse
894 3532 991 3596 tuus?

598 3642 715 3709 XCIII.

196 3731 325 3797 Addere
349 3731 425 3816 quid
449 3752 568 3811 cessas,
591 3755 685 3816 puer,
708 3733 892 3798 immortale
915 3728 1172 3888 Fidenk

233 3820 460 3897 Quadrantem
484 3819 618 3910 duplica
640 3822 679 3890 de
703 3823 828 3889 seniore
851 3823 942 3887 cado.
982 3852 986 3865 =
