2408 4132
67 39 1200 219 d

128 465 170 528 12
453 467 490 521 M.
512 465 590 521 VAL.
609 464 802 520 MARTIALIS

24 710 27 715 .
261 626 333 710 Cui,
356 629 458 693 lector
482 629 639 711 studiose,
663 627 748 711 quod
771 627 887 692 dedisti

139 732 160 779 a
259 715 391 781 Viventi
414 717 508 781 decus
532 721 629 799 atque
652 715 818 798 sentienti,

132 878 140 899 ἱ
260 803 338 867 Rari
361 808 437 888 post
459 804 581 868 cineres
603 803 727 868 habent
748 809 874 888 poetae.

608 961 649 1024 ll.

171 1066 232 1142 Qui
255 1073 363 1134 tecum
385 1068 475 1152 cupis
500 1089 569 1132 esse
593 1089 682 1132 meos
704 1066 885 1152 ubicunque
907 1068 1037 1134 libellos

216 1156 260 1220 Et
284 1159 417 1222 comites
441 1156 558 1240 longae
582 1155 707 1240 quaeris
731 1155 850 1220 habere
873 1156 958 1241 viae,

171 1243 240 1308 Hos
264 1266 346 1327 eme,
370 1265 449 1328 quos
473 1248 562 1308 artat
584 1244 736 1308 brevibus
755 1245 943 1309 membrana
964 1245 1108 1311 tabellis:

215 1330 340 1396 Scrinia
364 1333 404 1397 da
426 1332 567 1418 magnis,
590 1354 641 1396 me
664 1354 778 1397 manus
801 1354 866 1396 una
889 1332 984 1417 capit.

145 1419 220 1484 5Ne
243 1424 353 1485 tamen
375 1421 504 1506 ignores
528 1420 584 1484 ubi
607 1421 669 1484 sim
691 1419 827 1500 venalis,
851 1423 883 1484 et
906 1441 992 1485 erres

216 1507 303 1573 Urbe
326 1530 428 1592 vagus
451 1513 537 1592 tota,
560 1530 610 1572 me
635 1508 712 1572 duce
735 1513 841 1572 certus
864 1509 940 1572 eris:

172 1595 340 1661 Libertum
364 1597 450 1662 docti
472 1596 626 1660 Lucensis
650 1617 765 1679 quaere
789 1594 968 1660 Secundum

218 1684 346 1749 Limina
368 1689 443 1768 post
465 1685 558 1749 Pacis
581 1683 826 1768 Palladiumque
848 1684 965 1750 forum.
1089 1754 1091 1758 ,

599 1842 659 1908 III.

172 1949 380 2034 Argiletanas
404 1949 507 2015 mavis
530 1949 680 2013 habitare
703 1949 869 2031 tabernas,

61 2114 63 2118 Ι
216 2035 298 2101 Cum
320 2037 396 2120 tibi,
419 2059 516 2122 parve
539 2037 635 2120 liber,
657 2037 774 2102 scrinia
795 2041 910 2101 nostra
931 2041 1057 2102 vacent.

171 2124 299 2209 Nescis,
320 2126 397 2201 heu,
419 2125 523 2190 nescis
547 2125 695 2190 dominae
716 2124 849 2190 fastidia
871 2123 1006 2190 Romae:
1041 2205 1044 2211 .

216 2213 316 2279 Crede
340 2214 434 2297 mihi,
456 2214 593 2278 nimium
615 2213 735 2278 Martia
757 2214 854 2278 turba
877 2214 972 2298 sapit.

145 2302 310 2367 oMaiores
334 2324 494 2387 nusquam
516 2301 665 2367 rhonchi:
687 2302 882 2384 iuvenesque
906 2322 1060 2385 senesque

209 2391 261 2476 'Et
283 2392 374 2474 pueri
396 2413 511 2455 nasum
533 2390 747 2455 rhinocerotis
770 2390 900 2454 habent.

172 2479 322 2543 Audieris
346 2502 418 2543 eum
441 2472 727 2563 grande-sophosJ'
743 2478 821 2542 dum
845 2477 935 2542 basia
956 2477 1072 2562 iactas,

216 2565 284 2631 Ibis
308 2568 349 2631 ab
373 2588 504 2631 excusso
529 2567 646 2629 missus
669 2567 704 2629 in
726 2569 816 2630 astra
839 2585 928 2648 sago.

172 2651 235 2718 Sed
257 2658 294 2717 tu
316 2676 357 2719 ne
380 2654 500 2719 totiens
523 2653 647 2717 domini
668 2654 794 2737 patiare
816 2654 932 2718 lituras

133 2759 163 2806 ιο
217 2740 307 2806 Neve
329 2745 423 2806 notet
444 2743 535 2805 lusus
559 2741 662 2805 tristis
685 2742 830 2806 harundo
853 2746 941 2824 tuos,

171 2829 356 2912 Aetherias,
379 2829 512 2911 lascive,
535 2830 626 2913 cupis
649 2829 786 2894 volitare
808 2853 866 2915 per
889 2852 998 2895 auras:

214 2917 244 3002 Ι,
266 2917 357 3002 fuge3
379 2917 435 2981 sed
456 2919 586 3000 poteras
610 2916 712 2980 tutior
735 2939 804 2982 esse
828 2918 923 2982 dorni.

603 3074 658 3141 IV.

177 3180 361 3267 Contigeris
384 3185 527 3264 nostros,
550 3180 682 3264 Caesar,
705 3182 733 3246 si
755 3182 839 3247 forte
862 3183 1004 3267 libellos,

216 3270 388 3334 Terrarum
412 3270 578 3334 dominum
601 3291 684 3353 pone
709 3272 924 3355 supercilium.

174 3357 374 3423 Consuevere
396 3358 484 3423 iocos
508 3359 607 3422 vestri
631 3379 758 3442 quoque
780 3359 864 3423 ferre
886 3357 1057 3443 triumphi,

217 3446 388 3510 Materiam
412 3446 507 3511 dictis
529 3468 587 3511 nec
610 3446 710 3529 pudet
733 3467 803 3510 esse
826 3447 947 3511 ducem.

147 3534 242 3609 §Qua
264 3534 445 3617 Thymelen
467 3538 595 3618 spectas
618 3535 855 3618 derisoremque
877 3534 1044 3619 Latinum,

216 3623 280 3688 Illa
301 3622 408 3687 fronte
431 3645 545 3707 precor
568 3623 711 3687 carmina
733 3626 847 3688 nostra
869 3624 967 3708 legas.

172 3709 332 3776 Innocuos
356 3732 490 3776 censura
512 3715 622 3795 potest
644 3712 832 3796 permittere
854 3711 958 3776 lusus:

199 3799 345 3863 lasciva
369 3803 421 3864 est
441 3799 539 3866 nobis
563 3800 700 3888 pagina,
720 3801 790 3866 uita
810 3801 924 3886 proba.
