2408 4132
101 432 145 499 80
426 429 464 482 n.
482 427 564 484 van
584 424 781 480 nannmns

507 586 700 654 LXXXVII

144 690 267 755 Narrat
288 693 335 773 te,
358 687 496 770 Chione,
517 709 629 751 rumor
650 707 815 768 nunquam
838 706 909 749 esse
930 683 1080 749 fututam
1203 733 1204 756 ,

190 779 297 862 Atque
318 776 402 841 nihil
425 796 529 840 cunno
552 774 664 857 purius
687 794 758 838 esse
780 777 847 837 tuo.

146 866 246 932 Tecta
268 870 379 930 tamen
400 886 468 929 non
490 864 564 944 hac,
588 884 651 946 qua
673 861 783 945 debes,
805 865 899 945 parte
922 860 1061 926 lavaris:

190 953 224 1019 Si
248 955 351 1038 pudor
373 956 438 1036 est,
459 950 600 1016 transfer
622 949 769 1034 subligar
791 948 973 1013 infaciem

496 1089 706 1155 LXXXVIII.

146 1191 228 1256 Sunt
251 1190 372 1276 gemini
393 1188 526 1272 fratres,
548 1188 676 1252 diversa
699 1188 756 1252 sed
777 1187 912 1274 inguina
934 1187 1080 1273 lingunt

189 1280 307 1363 Dicite,
331 1277 504 1341 dissimiles
528 1279 603 1341 sunt
626 1276 746 1360 magis,
768 1298 811 1340 an
833 1275 978 1340 similes?

512 1415 688 1481 LXXXIX.

145 1515 245 1581 Utere
268 1515 403 1580 lactucis
427 1518 460 1578 et
482 1514 636 1578 mollibus
659 1516 749 1577 utere
772 1513 902 1578 malvis:

189 1601 275 1666 Nam
297 1603 415 1667 faciem
437 1601 566 1686 durum,
589 1601 732 1684 Phoebe,
755 1600 896 1666 cacantis
918 1602 1030 1668 habes.

573 1741 639 1808 XO.

146 1839 240 1919 Vult,
258 1861 325 1903 non
342 1840 414 1903 vult
433 1842 509 1903 dare
527 1837 623 1902 Galla
645 1838 737 1921 mihi,
756 1861 815 1903 nec
833 1840 938 1904 dicere
960 1862 1097 1924 possum
1103 1893 1111 1926 ,

191 1926 283 2003 Quod
305 1927 376 1991 vult
399 1930 433 1992 et
455 1949 521 1992 non
543 1927 626 2011 vult,
649 1927 725 2010 quid
749 1927 812 1990 sibi
835 1926 932 1992 Galla
953 1929 1043 1994 velit

563 2056 646 2123 xol.

147 2155 229 2222 Cum
252 2161 378 2242 peteret
400 2157 524 2242 patriae
547 2155 708 2220 missicius
732 2177 810 2220 arva
831 2154 1020 2241 Ravennae,

191 2244 349 2312 Semiviro
372 2245 510 2330 Cybeles
533 2268 606 2310 cum
629 2265 728 2330 grege
751 2244 855 2308 iunxit
878 2245 949 2309 iter.

147 2333 231 2401 Huic
254 2356 361 2399 comes
384 2334 541 2398 haerebat
564 2333 685 2398 domini
707 2332 864 2416 fugitivus
888 2331 1038 2400 Achillas

190 2421 332 2506 Insignis
355 2422 462 2486 forma
483 2422 691 2506 nequitiaque
712 2443 801 2505 puer.

120 2508 217 2575 oHcc
241 2511 367 2575 steriles
392 2532 518 2574 sensere
541 2511 616 2574 viri:
641 2531 704 2592 qua
726 2513 820 2593 parte
843 2509 976 2572 cubaret

192 2598 366 2673 Quaerunt.
407 2597 470 2662 Sed
492 2599 610 2663 tacitos
634 2596 735 2660 sensit
756 2601 790 2661 et
811 2597 868 2660 ille
892 2595 997 2662 dolos:

147 2686 315 2769 Mentitur,
338 2685 480 2751 credunt.
521 2684 633 2750 Somni
655 2688 732 2767 post
753 2686 829 2748 vina
852 2687 1019 2768 petuntur:

194 2773 355 2837 Continuo
377 2773 500 2837 ferrum
523 2774 620 2838 noxia
642 2771 740 2836 turba
762 2773 849 2856 rapit

147 2860 371 2942 Exciduntque
395 2881 518 2942 senem,
540 2860 683 2944 spondae
706 2860 762 2943 qui
785 2865 876 2944 parte
899 2861 1039 2947 iacebat3

107 2965 138 3013 10
192 2947 340 3030 Namque
363 2969 443 3030 puer
464 2947 574 3030 pluteo
597 2947 722 3012 vindice
745 2951 835 3012 tutus
858 2954 937 3014 erat.

149 3035 355 3120 Suppositam
379 3035 541 3119 quondam
563 3035 652 3100 fama
675 3039 725 3099 est
741 3059 801 3120 pro
820 3037 946 3122 virgine
968 3060 1112 3124 cervam,

192 3127 238 3189 At
259 3145 344 3188 nunc
366 3144 425 3206 pro
449 3145 543 3188 cervo
566 3124 711 3189 mentula
734 3126 903 3209 supposita
926 3129 984 3190 est.

555 3255 655 3321 XCII.
725 3278 728 3285 ·

148 3352 195 3418 Ut
216 3352 323 3438 patiar
346 3351 528 3436 moechum,
550 3358 647 3437 rogat
669 3376 762 3437 uxor,
785 3352 892 3437 Galle,
917 3354 972 3419 sed
1001 3378 1113 3421 unum.

192 3442 276 3506 Huic
299 3462 359 3527 ego
382 3462 448 3504 non
471 3442 582 3505 oculos
605 3463 697 3524 eruo,
720 3440 826 3527 Galle,
850 3441 951 3506 duos?

548 3572 664 3638 XCIII.

149 3670 230 3737 (lum
254 3671 315 3735 tibi
337 3669 474 3735 trecenti
497 3671 658 3755 consules,
681 3669 871 3755 Vetustilla,

143 3759 192 3823 Et
215 3763 282 3824 tres
305 3759 414 3844 capilli
437 3762 654 3844 quattuorque
678 3759 743 3824 sint
765 3759 891 3844 dentes,
