2408 4132
125 443 169 507 82
451 443 489 496 M.
507 442 589 496 VAL.
607 440 803 496 MARTIALIS

170 605 232 670 Ore
255 605 347 690 legor
370 605 473 670 mulie
495 609 671 688 notumque
694 626 752 688 per
776 604 894 688 oppida
916 625 1034 669 nomen

214 692 290 757 Non
313 697 482 777 expectabo
507 693 562 758 dat
586 693 666 756 mihi
688 693 776 757 fama
799 713 890 777 rego.

170 781 233 845 Est
256 786 289 846 eb
311 780 345 845 in
367 782 429 846 hoc
452 781 587 864 aliquid:
610 781 692 845 vidit
714 803 765 843 me
786 780 892 844 Roma
914 780 1081 845 bribunum

129 886 161 933 10
215 870 261 934 m
285 871 378 934 sedeo
403 875 521 952 quate
545 869 682 933 suscitat
703 867 858 933 Oceanus.

171 957 257 1032 Quor
279 958 360 1021 mihi
383 956 540 1022 Caesareo
563 957 643 1021 facti
666 961 742 1021 suut
764 977 895 1020 munere
918 957 1018 1039 cives,

215 1046 284 1111 Nec
306 1047 446 1109 famulos
470 1044 606 1108 totidem
630 1045 775 1127 suspicor
797 1066 866 1108 esse
889 1044 959 1108 tibi.

171 1133 234 1199 Sed
255 1133 447 1218 paedicaris,
471 1133 527 1196 sed
549 1132 696 1216 pulchre,
718 1132 875 1215 Naevolc,
898 1153 998 1196 ceves.

214 1221 286 1286 lam
308 1221 373 1284 ium
396 1226 434 1285 tu
456 1220 546 1304 prior
570 1243 617 1304 es,
640 1219 798 1305 Neevcle,
821 1220 937 1285 vincis:
959 1219 1053 1284 bave.

572 1377 686 1444 XCVI.

171 1483 298 1568 Lingis,
321 1507 387 1550 non
409 1485 510 1549 fubuis
533 1506 639 1548 meam
662 1484 805 1568 puellam

171 1572 215 1636 nt
238 1574 343 1657 garris
367 1573 460 1656 quasi
483 1572 636 1637 moechus
661 1577 693 1636 et
714 1571 849 1636 fututor.

171 1658 205 1724 Si
228 1664 260 1724 te
282 1661 454 1744 prendere,
477 1659 617 1745 Gargih,
641 1661 772 1724 tacebis.

565 1816 695 1882 XCVII.

171 1923 222 1988 Ne
245 1924 336 2009 legat
358 1924 443 1988 hunc
462 1922 599 2007 Chione,
622 1923 740 1987 maudo
764 1922 839 2007 tibi,
857 1923 955 2008 Rufe,
976 1924 1135 1990 libellum.

216 2010 364 2077 Carmine
388 2011 477 2076 Iaesa
500 2033 572 2076 mec
597 2015 660 2089 cst,
683 2011 810 2075 laedere
833 2015 866 2076 et
888 2012 946 2076 illa
969 2015 1088 2098 potest.

556 2168 703 2235 XCVIII.

172 2275 223 2341 sic
246 2278 336 2341 culus
359 2276 420 2339 tibi
443 2298 539 2360 quam
562 2297 682 2359 macer,
705 2275 864 2359 requiris?

172 2365 343 2429 Paedicere
365 2367 472 2448 petes,
495 2362 636 2448 Sabelle,
658 2363 740 2429 culs.

574 2519 687 2585 XCIX.

172 2627 272 2692 Irasci
294 2630 408 2692 nostro
431 2648 497 2690 non
520 2626 614 2690 debes
621 2676 629 2706 ,
651 2626 759 2708 cerdo,
782 2625 902 2692 libello.

217 2713 281 2777 Ars
305 2719 374 2796 tua,
397 2735 463 2778 nou
485 2714 555 2778 vitu
577 2717 627 2778 est
650 2712 789 2778 carmine
811 2715 900 2779 laesa
922 2737 1003 2781 meo.

172 2800 249 2867 Non
271 2821 392 2864 nocuos
416 2802 568 2882 permitte
592 2801 686 2865 sales.
722 2799 787 2865 Cur
809 2803 918 2867 ludere
941 2803 1036 2869 nobis

217 2888 293 2953 Non
316 2887 426 2970 liceat,
449 2888 541 2952 licuit
564 2887 593 2951 si
614 2889 762 2973 iugulare
785 2889 868 2955 tibi?

615 3043 649 3111 C.

175 3155 347 3222 Cursorem
371 3153 461 3215 sexta
483 3151 556 3233 tibi,
578 3150 675 3235 Rufe,
698 3152 879 3216 remisimus
902 3153 995 3238 bora,

219 3241 371 3309 Carmina
394 3261 489 3323 quem
513 3238 676 3302 madidum
698 3244 812 3303 nestra
834 3241 948 3306 tulisse
970 3264 1058 3306 reor:

173 3330 337 3398 Imbribus
361 3325 540 3393 immodicis
564 3327 687 3409 caelum
709 3349 784 3391 nam
807 3328 892 3392 force
916 3330 1041 3396 ruebat.

218 3419 294 3486 Non
317 3417 412 3482 aliter
434 3414 522 3480 mitti
545 3414 655 3479 debuit
677 3415 739 3478 iste
762 3414 853 3480 liber.

551 3616 709 3627 urm——
