2408 4132
337 333 632 389 aeicaaunluon
650 334 718 389 ma.
736 335 770 390 v.
976 334 1059 401 ‚123
1084 301 1087 306 ¹

498 495 612 560 LXIV.

99 598 283 677 Sextantes,
309 598 458 683 Calliste,
482 602 561 664 duos
585 601 715 664 infunde
738 599 881 685 Falerni,

142 688 191 751 Tu
215 709 310 771 super
334 690 487 770 aestivas,
511 689 650 770 Alcime,
674 690 762 753 solve
785 691 890 773 niues,

96 775 292 861 Pinguescat
314 777 415 841 nimio
439 777 585 840 madidus
609 777 690 840 mihi
713 777 810 841 crinis
833 799 961 842 amomo

141 863 379 946 Lassenturque
402 865 486 928 rosis
505 869 653 948 tempora
676 865 836 929 sutilibus.

71 952 178 1015 5Tam
200 952 307 1016 vicina
328 953 441 1016 iubent
463 974 523 1016 nos
547 954 654 1017 vivere
677 950 855 1035 Mausolea,

142 1038 224 1103 Cum
247 1040 397 1124 doceant,
419 1041 508 1125 ipsos
531 1062 627 1126 posse
650 1041 754 1124 perire
777 1041 863 1105 deos.

506 1180 605 1246 LXV.

96 1285 196 1350 Astra
218 1287 392 1370 polumque
416 1286 516 1370 dedit,
540 1287 685 1371 quamvis
710 1287 858 1351 obstante
880 1309 1030 1366 noverca,

141 1373 275 1439 Alcidae
298 1374 436 1439 Nemees
459 1378 564 1440 terror
587 1379 621 1439 et
643 1374 746 1440 Areas
770 1397 846 1459 aper

95 1463 141 1526 Ilt
164 1463 359 1547 castigatum
381 1461 520 1546 Libycae
544 1484 673 1528 ceroma
694 1463 875 1548 palaestrae

140 1551 186 1614 Et
210 1551 318 1635 gravis
341 1551 374 1615 in
398 1549 505 1615 Siculo
529 1553 660 1636 pulvere
683 1551 775 1615 fusus
797 1552 902 1634 Eryx,

71 1635 322 1722 sssrlvarumque
344 1642 480 1723 tremor,
503 1641 604 1705 tacita
626 1639 682 1724 qui
704 1639 816 1704 fraude
840 1640 982 1704 solebat.

140 1726 265 1791 Ducere
287 1749 346 1791 nec
368 1732 473 1792 rectas
497 1727 600 1793 Dacus
623 1730 659 1791 in
682 1732 775 1792 antra
797 1728 905 1792 boves.

96 1814 166 1878 Ista
187 1818 275 1892 tuae,
299 1813 431 1898 Caesar,
456 1820 556 1899 quota
577 1839 653 1901 pars
678 1819 841 1901 spectatur
864 1816 1025 1880 harenae?

140 1902 207 1967 Dat
229 1903 354 1967 maiora
375 1926 479 1968 novus
502 1905 627 1989 proelia
650 1927 744 1968 mane
767 1904 844 1968 dies.

97 1991 182 2066 Quot
205 1991 357 2076 graviora
379 1991 498 2055 cadunt
520 1992 681 2057 Nemeaeo
704 1991 845 2075 pondera
868 1993 1026 2056 monstro!

53 2096 85 2144 10
141 2079 227 2154 Quot
251 2083 308 2143 tua
330 2079 509 2144 Maenalios
533 2081 670 2144 collocat
692 2080 788 2143 hasta
811 2082 896 2144 aues!

95 2167 259 2231 Reddatur
282 2168 311 2232 si
333 2187 443 2251 pugna
465 2167 583 2251 triplex
605 2168 746 2252 pastoris
770 2167 897 2250 Hiberi,

138 2255 201 2319 Est
223 2255 284 2319 tibi
307 2257 363 2340 qui
385 2256 489 2338 possit
511 2257 638 2320 vincere
662 2253 851 2338 Geryonem.

96 2341 199 2427 Saepe
222 2344 297 2408 licet
321 2342 438 2408 Graiae
460 2348 647 2409 numeretur
669 2344 765 2407 belua
786 2342 921 2425 Lernae,

139 2430 292 2515 Improba
314 2430 451 2496 Niliacis
475 2432 552 2516 quid
574 2432 653 2496 facit
676 2431 788 2515 Hydra
809 2431 910 2495 feris?

51 2536 83 2585 15
94 2520 157 2584 Pro
181 2520 304 2583 meritis
328 2521 452 2585 caelum
474 2521 589 2603 tantis,
612 2519 774 2604 Auguste,
797 2519 953 2584 dederunt

138 2606 272 2672 Alcidae
295 2608 360 2672 cito
384 2609 430 2692 di,
453 2609 508 2672 sed
530 2609 591 2673 tibi
615 2629 687 2674 sero
711 2607 842 2672 dabunt.

495 2765 609 2832 LXVI.

93 2871 194 2956 Saepe
218 2874 378 2937 salutatus
401 2894 566 2956 nunquam
589 2875 678 2959 prior
700 2874 770 2957 ipse
793 2874 929 2938 salutas:

137 2959 189 3026 Sic
213 2961 275 3025 eris
299 2959 492 3045 Aeternum,
514 2961 710 3044 Pontiliane,
733 2961 823 3026 Vale.

486 3119 616 3184 LXVII.

90 3224 253 3289 Hibernos
276 3228 424 3309 peterent
448 3226 544 3290 solito
569 3248 640 3290 cum
664 3248 753 3290 more
776 3246 919 3290 recessus

135 3313 301 3396 Atthides,
324 3313 359 3376 iu
380 3314 466 3378 nidis
489 3335 553 3378 una
576 3314 732 3378 remansit
756 3313 835 3379 avis.

89 3401 295 3485 Deprendere
318 3401 409 3465 nefas
433 3401 474 3466 ad
496 3406 645 3484 tempora
667 3423 764 3465 verna
787 3423 947 3484 reversae,

133 3489 179 3554 Et
202 3490 374 3575 profugam
397 3491 543 3554 volucres
567 3490 727 3574 diripuere
751 3511 836 3553 suae.

62 3575 168 3643 bSero
193 3578 280 3641 dedit
302 3599 438 3663 poenas:
462 3577 599 3662 discerpi
622 3577 718 3641 noxia
741 3580 844 3641 mater

132 3665 310 3750 Debuerat,
325 3667 390 3731 sed
413 3670 505 3753 tunc,
528 3689 604 3734 cum
623 3664 789 3733 lacerarit
801 3664 901 3749 Ityn.
