2408 4132
145 339 210 403 350
428 338 543 392 INDEX
561 337 865 396 EPlGRAMMATON.

145 496 214 550 Cum
231 498 260 550 te
278 495 448 564 municipem
467 495 673 549 Corinthiorum
683 539 975 554 .........
1054 497 1089 566 Χ,
1110 505 1151 554 65.

145 567 215 620 Cum
232 569 261 620 te
280 583 335 619 non
353 583 472 633 nossem,
491 566 635 620 dominum
652 582 802 634 regemque
820 566 975 623 vocabam.
1048 567 1071 634 Ι,
1092 576 1151 624 118.

146 638 214 690 Cum
231 636 286 690 tibi
303 654 360 690 non
377 636 499 705 Ephesos
517 654 569 691 nec
588 636 626 689 sit
641 636 753 690 Rhodos
773 640 823 690 aut
836 637 972 706 Mytilene
1055 640 1089 706 X,
1110 647 1151 695 68.

145 707 213 761 Cum
230 707 285 760 tibi
301 724 358 760 non
376 710 470 760 essent
489 724 536 761 sex
553 707 642 774 milia,
661 706 832 764 Caeciliano.
860 751 867 764 .
896 751 902 764 .
931 751 938 764 .
967 751 974 764 .
1040 709 1089 777 IV,
1109 717 1151 765 51.

144 777 213 832 Cum
231 777 285 831 tibi
303 780 372 831 nota
389 777 431 830 tui
450 777 488 831 sit
506 778 567 832 vita
584 778 709 846 fidesque
728 777 825 831 mariti
861 821 868 833 .
897 823 903 834 .
932 822 938 835 .
968 821 975 834 .
1025 779 1088 847 XII,
1109 788 1151 837 96.

144 848 212 902 Cum
230 848 285 902 tibi
304 848 342 901 sit
359 847 454 915 facies,
474 849 508 901 de
527 865 583 917 qua
600 865 652 901 nec
670 848 776 902 femina
793 847 901 917 possit.
930 892 937 905 .
967 893 973 905 .
1026 850 1088 918 VII,
1111 859 1150 908 18.

29 970 31 975 .
144 918 213 972 Cum
230 918 285 972 tibi
303 918 342 972 111
360 918 475 987 sophiae
493 935 545 987 par
562 919 639 972 fama
657 921 686 972 et
704 935 771 972 cura
788 919 973 976 laborum..
1048 921 1070 988 I,
1092 929 1151 977 111.

144 989 213 1043 Cum
230 989 286 1042 tibi
303 992 363 1042 tam
380 1006 491 1043 crassae
510 989 575 1054 sint,
593 988 777 1058 Artemidore,
796 990 938 1048 lacernae.
966 1032 973 1047 .
1010 991 1087 1055 vm,
1108 1001 1150 1048 58.

144 1059 213 1113 Cum
230 1059 285 1113 tihi
302 1060 422 1113 trecenti
440 1061 575 1114 consules.
596 1059 750 1113 Vetustilla
756 1104 973 1117 .......
1038 1062 1088 1129 ΠΙ,
1109 1070 1150 1118 93.

144 1129 213 1184 Cum
231 1129 285 1184 tibi
302 1133 451 1183 vernarent
469 1130 555 1184 dubia
572 1129 706 1199 lanugine
723 1131 833 1186 malae.
861 1174 868 1187 .
897 1175 903 1186 .
931 1174 938 1188 .
966 1172 974 1188 .
1052 1132 1088 1200 H,
1109 1140 1151 1188 61.

143 1199 212 1254 Cum
229 1200 354 1254 traheret
371 1200 491 1268 Priscus,
509 1202 635 1255 traheret
653 1201 808 1255 certamina
824 1201 934 1258 Varus.
963 1242 971 1258 .
1029 1203 1086 1272 Ep.
1108 1211 1150 1260 29.

144 1270 213 1325 Cum
231 1275 271 1339 tu,
289 1270 438 1339 laurigeris
457 1288 560 1324 annum
579 1271 628 1339 qui
645 1271 769 1325 fascibus
787 1271 902 1328 intras.
932 1316 937 1329 .
967 1315 974 1328 .
1053 1273 1087 1342 X,
1110 1281 1150 1330 10.

144 1341 212 1395 Cum
230 1345 281 1395 tua
298 1344 429 1395 centenos
448 1345 590 1411 expunget
609 1343 735 1410 sportula
753 1342 827 1396 cives
860 1386 866 1398 .
896 1385 902 1399 .
930 1385 937 1398 .
965 1383 972 1398 .
995 1342 1071 1412 XHI,
1092 1351 1150 1400 123.

144 1412 212 1466 Cum
230 1415 281 1465 tua
297 1430 354 1466 non
372 1413 447 1480 edas,
467 1412 559 1481 carpis
577 1429 641 1465 mea
658 1413 791 1480 carmina,
810 1412 902 1469 Laeli.
930 1456 937 1469 .
965 1455 972 1468 .
1065 1415 1149 1482 Ι,91.

144 1484 213 1536 Cum
230 1486 282 1536 tua
299 1482 449 1551 sacrilegos
467 1486 573 1549 contra,
591 1483 730 1550 Norbana,
749 1484 856 1538 furores
893 1527 900 1539 .
929 1527 936 1540 .
964 1526 971 1540 .
1038 1484 1087 1552 IX,
1108 1492 1150 1542 84.

144 1553 212 1607 Cum
229 1570 312 1607 vocer
331 1554 367 1606 ad
386 1571 484 1607 cenam
501 1571 558 1607 non
576 1552 633 1607 iam
650 1527 758 1608 11111111
776 1557 809 1607 ut
828 1557 937 1611 ante.
1037 1555 1086 1620 ΠΙ,
1107 1564 1149 1612 60.

144 1623 212 1677 Cum
230 1640 298 1677 voco
317 1626 346 1676 11
365 1624 515 1689 dominum,
533 1623 593 1677 noli
611 1623 673 1691 tibi,
693 1623 790 1692 Cinna,
808 1624 971 1693 placere.
1053 1625 1087 1694 V,
1108 1633 1149 1683 57.

144 1694 283 1747 Cunarum
300 1693 393 1747 fueras
412 1697 510 1760 motor,
530 1667 703 1762 Charidenie,
721 1712 868 1751 mearum
966 1739 973 1752 .
1037 1695 1087 1762 XI,
1107 1705 1149 1753 39.

143 1764 198 1817 Cur
216 1781 233 1816 a
251 1767 280 1817 te
297 1764 419 1833 pretium
437 1765 542 1829 Danae,
560 1767 692 1832 regnator
710 1765 823 1835 Olympi
859 1808 866 1821 .
894 1809 900 1821 .
965 1765 1070 1834 .XN,
1090 1774 1148 1823 175.

143 1807 972 1906 1111111111(111ο11111111111,1ιο(111,111111Η1111,11131111
1055 1809 1106 1907 IV,
1126 1846 1149 1893 7.

143 1905 197 1959 Cur
214 1922 270 1958 non
287 1905 367 1959 basio
385 1909 423 1970 te,
443 1905 588 1959 Philaeni?
606 1906 687 1959 calva
705 1923 735 1960 es
755 1949 971 1963 .......
1050 1907 1087 1971 Π,
1107 1917 1148 1965 33.

41 1986 43 1990 ‘
143 1975 197 2030 Cur
214 1993 271 2029 non
288 1977 371 2029 mitto
390 1993 467 2030 meos
485 1976 547 2044 tibi,
566 1976 734 2045 Pontilianc,
753 1977 937 2034 1111111111..
965 2020 972 2033 .
1042 1978 1106 2046 VII,
1125 1988 1148 2034 3.

143 2046 197 2100 Cur
215 2064 298 2115 saepe
318 2046 385 2100 sicci
402 2064 490 2115 parva
507 2064 573 2100 rura
590 2047 723 2101 Nomenti
747 2109 750 2115 g
753 2090 972 2105 .......
1025 2048 1087 2115 XII,
1106 2058 1148 2105 5⁷.

143 2117 198 2172 Cur
216 2117 354 2186 spleniato
374 2135 457 2186 saepe
475 2118 611 2187 prodeam
629 2120 723 2172 mento
755 2161 972 2175 .......
1051 2119 1086 2183 Χ,
1106 2127 1149 2175 22.

143 2188 197 2242 Cur
215 2190 327 2241 tantum
345 2189 485 2242 eunuchos
503 2188 608 2242 habeat
625 2191 676 2241 tua
694 2187 797 2256 Caelia,
816 2187 928 2257 quaeris
965 2232 972 2245 .
1037 2189 1086 2256 VI,
1107 2199 1148 2246 67.

142 2257 197 2312 Cur
213 2258 368 2313 tristiorem
387 2259 524 2313 cernimus
544 2258 704 2312 Saleianum
718 2301 973 2316 ........
1050 2260 1086 2328 Π,
1107 2268 1148 2317 66.

142 2329 301 2383 Curandum
317 2346 417 2398 penem
436 2329 577 2384 commisit
594 2330 717 2383 Baccara
734 2329 866 2386 Raetus
1037 2330 1086 2400 XI,
1107 2340 1148 2387 14.

142 2399 260 2454 Currant
276 2401 364 2454 verba
380 2401 456 2465 licet,
474 2417 573 2453 manus
593 2402 636 2454 est
653 2399 776 2453 velocior
793 2400 900 2456 illis
964 2399 1071 2469 .X1V,
1088 2409 1147 2459 208.

142 2470 287 2525 Cursorem
306 2471 464 2538 1111111111,
484 2471 563 2538 Rufe,
582 2469 740 2552 remisimus
758 2470 866 2551 hora.
966 2470 1067 2528 .III.
1090 2480 1149 2528 100.

141 2541 276 2596 Custodes
295 2542 355 2605 das,
373 2541 461 2601 Ρο111
479 2541 549 2609 viro,
567 2558 623 2596 non
642 2540 746 2610 accipis
764 2540 866 2610 ipsa.
965 2584 972 2598 .
1050 2542 1086 2607 X·
1106 2550 1147 2598 69.

141 2611 268 2682 Cyllenes
288 2586 414 2679 caelique
433 2612 526 2678 decus,
545 2612 665 2665 facunde
682 2611 811 2664 minister
825 2653 972 2668 .....
1024 2613 1086 2681 VII,
1107 2621 1148 2669 74.

141 2633 261 2751 Cynthia
278 2681 393 2736 facundi
412 2698 523 2736 carmen
540 2682 670 2736 iuvenale
688 2682 865 2751 Properti..
965 2681 1071 2755 .,x1v
1088 2690 1147 2740 189.

623 2872 661 2924 D.

141 2936 184 3017 Da
201 2963 314 3018 veniam
333 2961 447 3016 subitis·
465 2979 523 3016 non
521 2962 720 3086 displicuisse
737 2965 900 3020 moretur.
964 2965 1085 3036 ..Ep
1105 2973 1146 3021 32.

140 3034 274 3102 Daedale,
293 3034 404 3087 Lucano
423 3050 487 3086 cum
506 3032 546 3086 sic
563 3033 695 3087 lacereris
714 3035 749 3087 ab
768 3051 866 3091 urso.
1140 3079 1146 3090 .

140 3037 1146 3173 1111111111111111111111111101,1111111111111111111..111ῗῆ

139 3177 261 3230 Dantem
278 3175 344 3229 vina
361 3177 442 3228 tuum
460 3175 589 3242 quotiens
609 3174 766 3243 aspeximus
784 3148 970 3244 Hyllum.
1037 3176 1086 3245 IX,
1106 3184 1146 3233 26.

140 3248 319 3327 Daphnonas,
338 3245 505 3315 platanonas
525 3248 554 3299 et
572 3245 662 3299 aerios
680 3245 811 3314 pityonas
824 3288 972 3303 .....
1023 3247 1086 3316 XII,
1106 3254 1145 3302 50.

139 3318 195 3372 Das
214 3316 396 3386 gladiatores,
415 3317 540 3369 sutorum
557 3316 662 3397 regule,
681 3317 794 3373 cerdo
928 3359 934 3372 .
963 3359 970 3372 .
1035 3317 1087 3387 ΠΙ,
1106 3325 1146 3373 16.

139 3388 197 3442 Das
214 3404 366 3455 nunquam,
386 3403 495 3456 semper
512 3386 663 3456 promittis,
683 3385 772 3453 Galla,
792 3359 971 3456 roganti..
1049 3361 1087 3455 II,
1104 3395 1145 3443 at.

139 3458 196 3512 Das
214 3457 335 3525 Parthis,
354 3458 404 3511 das
424 3456 577 3514 Germanis
597 3458 656 3521 das,
676 3456 751 3510 Cael'
732 3458 779 3522 ha,
798 3458 935 3514 Dacis..
964 3457 1086 3529 .VII,
1104 3464 1145 3515 30

138 3529 196 3583 Dat
214 3529 322 3582 Baiana
339 3527 410 3581 mihi
428 3528 599 3597 quadrantes
618 3528 744 3597 sportula
763 3530 899 3583 centum.
928 3571 935 3583 .
964 3570 972 3584 .
1063 3528 1086 3598 ΙΙ

126 3599 189 3656 Dat
206 3598 315 3656 chartis
334 3598 446 3657 habiles
465 3599 590 3656 calamos
605 3598 791 3669 Memphitica
807 3598 891 3651 tellus
929 3640 936 3654 .
964 3642 971 3655 .

115 3670 180 3729 Dat
196 3675 366 3751 festinatas,
387 3675 508 3748 Caesar,
524 3672 704 3731 tihihruma
720 3685 839 3723 coronas
873 3708 880 3721 .
908 3706 915 3719 .
942 3706 949 3719 .
977 3708 984 3721 .
