2408 4132
378 503 673 562 neiounuumou
693 506 761 563 mn.
780 507 827 562 ix.
954 478 956 483 ’
1046 507 1108 574 197

147 667 265 732 Nullos
287 667 424 751 denique
446 688 505 752 per
527 667 603 733 deos
628 669 766 752 deasque

148 756 238 820 Iurat
261 753 382 840 Gellia,
406 756 462 819 sed
485 777 542 838 per
564 756 709 821 uniones.

123 843 219 908 5Hos
242 843 460 928 amplectitur,
482 845 542 909 hos
565 845 801 929 perosculatur,

147 931 218 997 Hos
240 932 358 997 fratres
382 935 488 1016 vocab,
510 933 571 997 hos
593 937 689 998 vocat
711 954 853 1017 sorores,

148 1020 219 1086 Hos
240 1020 328 1084 nabis
352 1023 440 1084 umet
464 1021 568 1086 aerius
592 1022 726 1087 duobus.

148 1107 209 1173 His
233 1109 261 1173 si
284 1130 347 1192 quo
371 1111 480 1173 careat
502 1109 631 1173 misella
653 1132 742 1189 cusu,

147 1194 316 1262 Victuram
338 1200 438 1282 negat
460 1218 530 1262 esse
553 1220 586 1262 se
608 1219 667 1262 nec
689 1198 813 1263 horem.

104 1302 138 1350 10
148 1285 255 1368 Eheu,
278 1307 375 1371 quam
398 1285 478 1350 bene
500 1307 597 1368 nunc,
619 1285 804 1369 Papiriano,

148 1373 273 1438 Annaei
296 1374 416 1438 feceret
438 1395 553 1438 monus
576 1371 699 1438 Sereni!
839 1384 840 1388 ’

525 1530 685 1597 nxxxfl.

149 1638 255 1703 Dante
278 1639 340 1703 tibi
362 1639 458 1704 turba
483 1639 649 1725 querulos,
671 1637 833 1724 Auguste,
856 1637 998 1720 libellos,

191 1726 260 1792 Nos
284 1748 410 1811 quoque
434 1727 519 1811 quod
542 1726 671 1792 domino
696 1727 838 1791 earmina
860 1725 1106 1811 pervademus,

147 1814 247 1880 Posse
271 1815 365 1880 deum
388 1815 483 1880 rebus
506 1816 628 1900 pariter
650 1815 816 1899 Musisque
839 1837 953 1880 vacere

191 1901 328 1986 Scimus,
352 1903 486 1969 ethaeo
509 1905 606 1968 etiam
630 1908 718 1969 serta
739 1903 868 1989 placere
891 1903 961 1967 tibi.

122 1991 209 2056 oFer
231 1996 336 2076 vates,
358 1991 520 2077 Auguste,
543 1997 631 2057 tuos:
652 2014 712 2057 nos
737 1991 843 2077 gloria
866 1991 981 2076 dulcis,

190 2079 260 2145 Nos
283 2082 341 2144 tua
364 2101 441 2144 cura
461 2080 552 2163 prior
575 2079 769 2164 deliciaeque
793 2101 910 2144 sumus.

147 2167 222 2234 Non
245 2190 379 2253 quercus
403 2171 436 2231 be
460 2167 529 2232 sola
552 2167 642 2232 decet
662 2189 721 2231 neo
745 2168 853 2231 laurea
875 2165 1013 2231 Phoebi:

191 2256 266 2322 Fiat
287 2259 320 2320 ei
344 2278 382 2320 ex
404 2254 524 2320 hedera
547 2255 647 2320 civica
668 2257 781 2320 nostra
803 2254 873 2318 tibi.

524 2484 684 2495 ..ι-*-

371 2683 418 2756 M.
446 2680 551 2754 VAL.
579 2678 841 2753 MARTIALIS

301 2854 902 3013 EPIGRAMMATON

499 3047 630 3114 elenu
652 3048 707 3114 ix.

146 3223 245 3306 Note,
268 3225 346 3290 licet
367 3226 467 3307 nolis,
490 3225 623 3291 sublimi
645 3229 776 3310 pectore
799 3228 901 3309 votes,

190 3313 250 3379 Oui
272 3315 388 3378 referet
412 3336 502 3379 serus
524 3314 669 3399 proemia
691 3314 789 3398 digne
812 3312 905 3391 cinis,

145 3401 216 3468 Hoc
239 3402 301 3466 tibi
324 3402 382 3466 sub
405 3407 519 3468 nostra
541 3403 638 3467 breve
662 3423 789 3466 carmen
810 3400 955 3486 imagine
978 3400 1080 3485 vivat,

190 3490 294 3568 Quam
316 3512 381 3555 non
406 3490 550 3555 obscuris
572 3490 694 3575 iungis,
716 3489 827 3571 Avite,
850 3489 941 3554 viris:

118 3579 209 3645 ollio
230 3600 281 3663 eoo
303 3599 372 3644 sum
394 3579 653 3662 bellicosorum
676 3579 765 3642 laude
785 3579 945 3655 ceccanum,

168 3667 286 3752 ¹Quem
306 3688 370 3733 uon
391 3668 532 3746 miraris,
555 3668 608 3733 scd
622 3666 713 3750 puto,
737 3666 839 3747 lector,
862 3685 958 3731 aenos.

144 3754 284 3823 Maiores
305 3756 429 3822 mucore
449 3760 572 3821 somni:
594 3754 673 3820 mihi
690 3775 793 3838 ¹porco
814 3754 914 3819 {cuuto

181 3842 314 3927 &ffa'l
331 3845 367 3911 os
387 3849 507 3915 mim
523 3865 620 3932 ‘saepe
643 3846 748 3914 redire
771 3863 905 3912 neonus.
