2408 4132
71 35 1196 243 —

142 463 206 529 156
466 463 504 517 Μ.
523 462 605 518 VAL.
624 461 823 518 MARTIALIS

184 624 310 689 Infanti
331 624 494 689 melimela
517 626 593 690 dato
616 625 787 708 fatuasque
811 624 978 689 mariscas:

228 712 316 786 Nam
339 712 432 796 mihi,
456 734 538 798 quae
559 713 651 778 novit
673 733 829 798 pungere,
852 710 933 777 Chia
956 714 1051 796 sapit.

583 843 703 909 XXVI.

185 942 409 1027 Apollinarem
432 943 567 1007 conveni
589 963 709 1024 meum,
732 961 857 1027 scazon,

183 1030 229 1095 Et
252 1031 279 1094 si
302 1030 433 1096 vacabit
450 1067 493 1076 -
511 1051 551 1093 ne
574 1029 731 1094 molestus
755 1030 887 1094 accedas
909 1065 958 1112 -,

183 1117 255 1183 Hoc
279 1119 511 1203 qualecunque,
535 1117 624 1182 cuius
648 1117 756 1201 aliqua
778 1138 854 1200 pars
877 1116 946 1201 ipse
969 1121 1033 1202 est,

186 1206 301 1272 Dabis:
324 1205 386 1271 hae
408 1206 531 1270 facetae
555 1227 684 1270 carmen
706 1206 856 1270 imbuant
877 1227 981 1272 aures.

156 1293 221 1358 asi
242 1299 276 1359 te
298 1297 463 1378 receptum
485 1294 592 1359 fronte
614 1294 732 1358 videris
755 1296 840 1377 tota,

186 1381 274 1447 Noto
296 1383 431 1468 rogabis
453 1387 490 1447 ut
511 1383 621 1447 favore
645 1384 813 1446 sustentet.

185 1470 314 1546 Quanto
338 1492 495 1555 mearum,
518 1472 594 1555 scis,
617 1491 726 1535 amore
747 1491 908 1555 nugarum

184 1558 331 1644 Flagret:
355 1581 415 1624 nec
437 1560 506 1644 ipse
528 1561 600 1644 plus
624 1579 734 1623 amare
756 1563 789 1623 te
811 1579 953 1642 possum.

184 1646 307 1712 Oontra
329 1647 490 1732 malignos
514 1669 583 1711 esse
607 1648 635 1711 si
656 1648 747 1732 cupis
768 1650 875 1733 tutus,

143 1752 174 1800 10
186 1735 408 1819 Apollinarem
432 1735 568 1801 conveni
590 1757 711 1818 meum,
732 1756 853 1800 scazon.

330 1915 437 1955 ω
574 1875 707 1992 mvn.
826 1887 908 1980 ,a

184 1970 307 2036 Tuscae
331 1972 457 2057 glandis
480 1994 558 2057 aper
579 1949 753 2058 {optulit
776 1976 809 2037 et
830 1973 903 2038 ilice
926 1975 1029 2039 multa

229 2058 300 2124 Iam
322 2061 427 2146 piger,
451 2062 586 2126 Aetolae
607 2061 695 2126 fama
718 2061 857 2126 secunda
878 2062 980 2145 ferae,

185 2147 286 2222 Quem
310 2171 400 2213 meus
424 2149 559 2214 intravit
582 2149 767 2234 splendenti
790 2149 921 2233 cuspide
944 2150 1078 2236 Dexter,

226 2234 352 2301 Praeda
373 2237 458 2302 iacet
479 2239 601 2304 nostris
624 2237 785 2303 invidiosa
806 2237 900 2303 focis:

57 2323 91 2387 N
157 2322 405 2407 5Pinguescant
427 2326 554 2391 madido
578 2327 657 2393 laeti
678 2325 793 2390 nidore
815 2331 949 2410 penates

228 2411 361 2499 Flagret
384 2417 416 2478 et
440 2415 545 2480 exciso
568 2414 653 2480 festa
676 2414 783 2480 culina
804 2414 890 2499 iugo.

184 2500 246 2566 Sed
268 2524 363 2568 cocus
385 2502 550 2588 ingentem
571 2503 692 2587 piperis
715 2507 883 2567 consumet
906 2524 1056 2569 acervum

227 2589 334 2655 Addet
356 2594 389 2655 et
412 2613 529 2656 arcano
553 2592 657 2656 mixta
677 2588 816 2656 Falerna
839 2611 932 2676 garo:

184 2677 236 2742 Ad
259 2678 424 2744 dominum
446 2679 571 2763 redeas,
593 2685 706 2744 noster
727 2683 760 2743 te
781 2700 848 2743 non
871 2680 958 2762 capit
981 2680 1081 2765 ignis,

141 2783 173 2830 10
223 2765 451 2877 All-'ndffil’llffl
474 2790 564 2851 aper:
586 2768 684 2833 vilius
708 2767 821 2832 esurie.

217 2868 226 2903 ³
561 2908 715 2974 xxvnr.

185 3002 237 3068 Sic
260 3003 449 3068 Tiburtinae
472 3009 595 3069 crescat
618 3005 681 3070 tibi
702 3006 786 3070 silva
808 3005 932 3072 Dianae
1054 3017 1057 3025 '

227 3091 273 3156 Et
295 3096 448 3177 properet
471 3115 598 3157 caesum
622 3115 717 3178 saepe
739 3095 843 3159 redire
865 3117 991 3179 nemus,

183 3178 252 3245 Nec
275 3180 469 3245 Tartesiacis
491 3179 601 3245 Pallas
623 3186 693 3266 tua,
715 3181 830 3269 Tusce,
852 3183 989 3269 trapetis

133 3347 136 3351 y
229 3266 330 3333 Cedat
353 3272 386 3332 et
407 3269 570 3334 immodici
593 3270 671 3335 dent
693 3271 779 3335 bona
800 3275 909 3336 musta
931 3273 1033 3355 lacus3

160 3353 240 3420 asic
262 3357 335 3421 fora
358 3357 527 3441 mirentur,
550 3359 596 3423 sic
617 3362 652 3423 te
672 3360 796 3423 Palatia
819 3360 964 3443 laudent,

228 3443 367 3509 Excolat
389 3450 422 3509 et
444 3446 588 3531 geminas
611 3447 753 3531 plurima
775 3449 884 3532 palma
906 3447 1006 3513 fores:

19 3532 28 3611 l
184 3530 260 3597 Otia
282 3533 358 3597 dum
380 3535 504 3600 medius
525 3540 673 3620 praestat
695 3535 758 3600 tibi
779 3558 880 3620 parva
900 3536 1091 3619 December,

227 3621 346 3708 Exige,
369 3623 425 3687 sed
448 3628 549 3702 certa,
573 3646 653 3709 quos
677 3625 771 3710 legis,
794 3647 871 3690 aure
893 3625 990 3690 iocos.

179 3707 290 3794 „Scire
314 3710 395 3775 libet
417 3712 551 3778 verum?
573 3735 626 3778 res
649 3717 699 3778 est
721 3713 802 3778 haec
824 3712 952 3780 ardua.“
987 3711 1049 3779 Sed
1072 3716 1110 3777 tu

122 3810 161 3858 ιο
218 3797 314 3875 Quod
337 3800 399 3867 tibi
424 3802 473 3869 vis
498 3801 576 3892 dici,
599 3802 719 3890 dicere,
737 3801 983 3884 nam
