2408 4132
91 330 157 396 336
414 332 451 389 n.
471 334 552 388 vna.
571 333 771 388 usnimais

519 495 546 560 S
660 543 668 559 .

134 597 223 662 Haec
245 599 307 663 tibi
332 603 418 664 sorte
442 516 723 686 daturpieiygedndis
748 623 891 686 spongea
914 601 1040 666 mensis

177 685 290 771 Utilis,
315 709 465 772 expresso
490 711 563 752 cum
586 689 666 753 levis
690 690 792 754 imbre
816 693 928 754 tumet.

347 827 470 894 CXLV.
493 830 636 895 Paenula
655 832 840 914 pausapiua.

133 930 166 998 Is
190 933 272 997 mihi
293 933 413 999 candor
436 935 534 1020 inest,
557 936 707 1001 villorum
722 937 839 1022 ,gratia
862 940 969 1020 tanta,

177 1020 224 1086 Ut
247 1043 298 1086 me
321 1023 373 1086 vel
396 1023 501 1088 media
523 1046 649 1089 sumere
672 1047 776 1089 messe
799 1025 886 1089 velis.

506 1139 509 1142 Ι
522 1163 668 1230 Cervical.

134 1259 257 1344 Tingue
281 1263 377 1344 caput
401 1260 510 1326 Cosmi
534 1263 627 1343 folio,
651 1263 788 1326 cervical
812 1262 927 1326 olebitz

176 1347 321 1413 Perdidit
343 1354 544 1434 unguentum
569 1372 642 1415 cum
666 1372 769 1433 coma,
793 1352 903 1434 pluma
925 1353 1031 1415 tenet.

301 1487 457 1555 CXLVII.
482 1488 679 1555 Cubicularia
699 1493 884 1574 gausapina.

134 1593 286 1678 Stragula
308 1597 479 1678 purpureis
502 1597 612 1660 lucent
635 1596 750 1660 villosa
773 1596 901 1681 tapetis.

178 1681 261 1757 Quid
283 1683 428 1767 prodest,
452 1685 479 1747 si
502 1689 535 1747 te
559 1685 708 1768 congelat
731 1707 812 1748 uxor
835 1684 938 1749 anus?

524 1824 659 1890 Lodices.

134 1920 228 1986 Nudo
253 1921 399 2005 stragula
420 1943 461 1986 ne
484 1925 557 1986 toro
580 1926 742 2005 paterent,

133 2007 266 2074 Iunctae
289 2031 349 2073 nos
372 2010 434 2074 tibi
456 2010 603 2074 venimus
627 2031 764 2074 sorores,

403 2149 542 2215 CXLIX.
566 2150 780 2215 Amictorium.

132 2246 329 2311 Mammosas
353 2251 476 2333 metu03
499 2253 628 2311 tenerae
651 2269 701 2310 me
723 2247 816 2312 trade
838 2247 980 2333 puellae,

177 2335 223 2400 Ut
245 2335 372 2418 possint
395 2338 488 2400 niveo
512 2339 641 2419 pectore
664 2335 732 2398 lina
754 2335 827 2401 frui.

362 2476 423 2542 CL.
447 2476 646 2543 Cubicularia
663 2478 822 2560 polymita.

103 2657 105 2661 ,
132 2580 221 2645 Haec
244 2581 306 2645 tibi
327 2581 515 2667 Memphitis
539 2583 636 2646 tellus
660 2582 715 2646 dat
739 2602 885 2646 munera:
908 2583 999 2650 victa
1024 2591 1077 2651 est

177 2669 307 2734 Pectine
330 2669 457 2735 Niliaco
482 2673 547 2734 iam
572 2671 757 2755 Babylonos
781 2691 865 2734 acus.
996 2731 999 2736 .

543 2811 640 2876 Zona.

133 2905 246 2991 Longa
271 2907 349 2971 satis
372 2928 456 2971 nunc
481 2930 565 2990 suni3
589 2908 675 2972 dulci
698 2908 753 2973 sed
776 2908 917 2993 pondere
941 2917 1064 2978 venter

177 2992 211 3058 Si
233 2999 370 3079 tumeat,
392 2995 468 3059 fiam
494 3001 570 3060 tunc
592 2997 653 3060 tibi
676 3018 757 3060 aona
780 2999 896 3062 brevis.

332 3134 425 3202 CLII.
452 3135 635 3220 Gausapum
657 3139 850 3219 quadratum.

133 3241 267 3306 Lodices
292 3241 401 3306 mittet
424 3242 510 3307 docti
534 3243 595 3307 tibi
617 3246 704 3307 terra
728 3242 862 3309 Catulli:

177 3329 246 3395 Nos
269 3331 458 3396 Helicaonia
481 3331 519 3394 de
542 3332 674 3416 regione
699 3354 817 3397 sumus.

474 3472 710 3538 Semicinctium.

124 3577 195 3646 Det
217 3578 361 3647 tunicam
385 3579 545 3667 locuples:
568 3601 628 3667 ego
650 3584 682 3645 te
706 3582 912 3665 praecingere
935 3606 1089 3668 possum,

161 3669 286 3742 Essem
313 3672 345 3742 si
366 3674 535 3763 locuples,
557 3692 679 3737 munus
697 3675 872 3751 utrumque
892 3669 1020 3737 tarem.
