2408 4132
137 454 201 518 174
334 456 371 510 Μ.
390 454 470 510 VAL.
489 453 681 520 MARTIALIS
699 453 816 510 EPIGR.
835 454 864 510 L.
883 454 944 512 VII.

179 616 267 682 Nam
289 639 340 680 me
365 616 472 701 diligit
494 616 548 679 ille
571 616 817 700 proximumque

178 705 279 770 Turni
300 705 464 768 nobilibus
489 704 577 789 leget
599 704 727 769 libellis.

180 793 206 858 Ο
231 796 386 878 quantum
408 792 470 857 tibi
492 792 633 856 nominis
656 795 801 876 paralurl

139 881 206 946 100
230 903 312 966 quae
334 881 453 964 gloria!
477 902 575 964 quam
597 881 748 963 frequens
772 884 911 946 amalorl
1004 919 1007 926 ·

178 969 223 1033 Te
246 969 406 1052 convivia,
428 971 461 1032 te
485 969 592 1032 forum
616 969 758 1051 sonabit,

178 1057 297 1140 Aedes,
321 1057 475 1140 compita,
498 1056 656 1140 portiom,
678 1058 839 1122 tabernae.

178 1144 244 1210 Uni
267 1145 419 1229 milleris,
444 1145 592 1209 omnibus
616 1146 743 1230 legeris.

562 1302 712 1369 XCVIII.

180 1408 309 1478 Omnia.
333 1409 462 1494 Castor,
485 1411 579 1475 emis:
603 1411 649 1475 sic
671 1410 741 1494 fiel,
764 1415 801 1474 ut
824 1410 934 1476 omnia
956 1411 1086 1478 vendas.

578 1567 692 1634 Xalx.

180 1672 231 1739 Sic
254 1677 417 1759 placidum
440 1676 547 1740 videas
572 1697 711 1760 semper,
735 1673 895 1760 Crispino,
918 1676 1112 1759 Tonantem,

222 1763 290 1828 Nec
312 1769 345 1829 le
368 1765 473 1829 Roma
495 1765 614 1847 minus,
638 1786 735 1848 quam
758 1769 814 1828 tua
836 1763 996 1849 Memphis
1020 1770 1122 1829 amet:

180 1850 331 1916 Carmina
352 1851 527 1916 Parrhasia
550 1853 578 1917 si
600 1856 713 1916 nostra
735 1853 884 1936 legentur
905 1853 939 1917 in
963 1853 1038 1918 aula

171 1994 178 2009 .
224 1975 264 1985 -
284 1939 433 2024 Namque
457 1941 563 2005 solent
586 1961 677 2004 saera
699 1938 846 2005 Caesaris
870 1963 946 2006 aure
969 1941 1034 2005 frui
1055 1968 1116 2021 -,·

153 2028 293 2093 oDioere
317 2029 485 2112 danobis,
508 2032 545 2092 ul
567 2029 670 2093 leolor
693 2028 862 2112 candidus,
885 2030 979 2094 aude:

222 2116 452 2201 „Temporibus
475 2121 622 2200 praestat
643 2139 709 2181 non
731 2117 812 2181 nihil
834 2117 897 2182 iste
919 2119 1005 2201 tuis„

179 2203 248 2269 Nee
270 2204 380 2269 Marso
402 2205 538 2270 nimium
561 2205 667 2269 minor
690 2209 740 2270 est
763 2205 919 2290 doctoque
943 2204 1101 2272 Catullo.“

222 2291 294 2358 Hoc
317 2295 395 2358 salis
419 2298 481 2358 est:
504 2294 567 2377 ipsi
590 2298 696 2359 cetera
719 2294 836 2372 mando
860 2295 927 2358 deo.
