2408 4132
93 473 156 537 102
417 471 453 527 M.
472 470 553 525 VAL.
573 469 770 524 MARTIALIS

518 633 666 698 LXXIII.

136 740 216 806 Cum
239 742 347 826 gravis
371 744 532 805 extremas
555 738 710 805 Vestinus
734 739 864 804 duceret
886 741 985 805 horas

179 830 223 894 Et
246 831 390 913 iamper
414 827 547 913 Stygias
571 831 655 892 esset
677 829 781 892 iturus
805 850 919 912 aquas,

134 915 259 981 Ultima
281 919 447 982 volventes
472 918 577 981 orant
600 937 701 1000 pensa
724 937 867 1001 sorores,

178 1005 225 1070 Ut
247 1007 415 1071 traherent
436 1026 538 1090 parva
561 1005 701 1068 stamina
723 1005 814 1088 pulla
837 1027 942 1088 mora,

108 1093 205 1158 olam
229 1094 291 1158 sibi
314 1094 484 1158 defunctus
507 1093 590 1158 caris
614 1092 689 1156 dum
712 1093 794 1178 vivit
816 1094 937 1158 amicis.

177 1181 349 1246 Moverunt
371 1183 502 1246 tetricas
525 1185 593 1245 tam
615 1181 670 1265 pia
693 1184 770 1245 vota
794 1181 877 1246 deas.
956 1193 958 1198 '

134 1269 222 1334 Tunc
245 1271 354 1355 largas
378 1271 517 1353 partitus
541 1291 618 1354 opes
641 1290 661 1331 a
682 1269 754 1333 luce
777 1271 910 1335 recessit

178 1356 280 1442 Seque
303 1358 386 1422 mori
408 1361 483 1443 post
506 1358 566 1422 hoc
590 1356 725 1422 credidit
747 1358 802 1422 ille
826 1380 944 1422 senem.

522 1533 666 1598 LXXIV.

120 1638 277 1722 Aspicis,
299 1640 436 1705 inbelles
459 1643 621 1723 temptent
644 1660 741 1721 quam
763 1638 864 1703 fortia
887 1639 1035 1704 dammae

178 1726 327 1792 Proelia?
350 1732 419 1792 tam
442 1728 565 1791 timidis
590 1732 712 1810 quanta
736 1728 779 1791 sit
802 1727 853 1791 ira
875 1727 973 1792 feris?

133 1814 172 1878 In
195 1819 333 1880 mortem
356 1817 466 1900 parvis
491 1836 680 1880 concurrere
701 1815 864 1880 frontibus
889 1816 1015 1881 ardent·

177 1902 250 1987 Vis,
274 1902 403 1988 Caesar,
427 1905 563 1968 dammis
586 1903 739 1988 parcere?
763 1903 857 1968 mitte
881 1926 985 1969 canes.

135 2184 161 2249 Ο
184 2185 263 2249 felix
287 2186 407 2268 animo,
430 2186 522 2270 felix,
546 2186 698 2270 Nigrina,
720 2186 862 2251 marito

178 2275 286 2357 Atque
308 2275 394 2339 inter
417 2274 538 2341 Latias.
552 2275 656 2360 gloria
678 2275 785 2358 prima
806 2296 920 2339 nurus:

134 2362 179 2426 Te
203 2363 326 2446 patrios
349 2364 483 2428 miscere
506 2364 597 2428 iuvat
621 2385 693 2429 oum
716 2363 851 2447 coniuge
875 2384 1003 2447 census,

179 2450 379 2515 Gaudentem
403 2452 490 2516 socio
513 2453 708 2536 participare
731 2452 810 2516 vno

108 2538 262 2604 oArserit
284 2539 442 2604 Euhadne
464 2539 604 2605 flammis
627 2540 746 2605 iniecta
770 2539 893 2620 mariti,

167 2626 247 2692 ‘Nec
270 2628 376 2692 minor
398 2627 546 2693 Alcestin
568 2628 656 2692 fama
680 2629 739 2692 sub
764 2631 852 2692 astra
873 2628 968 2692 ferat:

134 2715 182 2779 Tu
206 2715 333 2778 melius:
358 2719 445 2780 certo
468 2717 615 2781 meruisti
638 2715 774 2799 pignore
797 2717 897 2799 vitae,

178 2801 224 2866 Ut
247 2802 308 2866 tibi
330 2824 398 2866 non
421 2809 506 2868 esset
530 2808 634 2868 morte
657 2804 843 2888 probandus
868 2826 968 2869 amor.

520 2979 663 3044 LXXVI.

134 3082 224 3147 Milia
247 3081 364 3147 misisti
387 3083 468 3148 mihi
491 3106 546 3149 sex
569 3086 618 3150 bis
643 3107 720 3150 sena
741 3087 878 3171 petenti:

178 3170 224 3236 Ut
247 3171 297 3234 bis
322 3193 399 3236 sena
420 3171 536 3256 feram,
561 3174 610 3238 bis
635 3174 781 3239 duodena
803 3179 923 3259 petam.

512 3349 675 3415 uxxvn.
907 3317 962 3480 t<

133 3453 308 3538 Nunquam
331 3454 459 3521 divitias
484 3455 560 3520 deos
585 3457 699 3542 rogavi

135 3542 313 3607 Contentus
336 3545 469 3609 modicis
493 3565 628 3628 meoque
653 3546 769 3610 laetus:

133 3630 326 3716 Paupertas,
349 3633 477 3697 veniam
501 3633 605 3717 dabis,
629 3635 750 3699 recede.
820 3660 828 3674 ,

135 3717 240 3784 (lausa
263 3726 313 3784 est
335 3743 416 3805 quae
440 3721 541 3786 subiti
563 3721 702 3808 novique
725 3723 817 3788 voti‘.>

90 3805 324 3874 sPendentem
351 3810 426 3878 volo
452 3809 579 3878 Zoilum
602 3811 723 3878 uidere.
