2408 4132
63 35 1203 227 —

125 501 188 566 166
449 499 485 555 M.
504 500 586 554 vm.
605 497 801 552 nesciaris

568 659 684 725 LXIV.

169 770 231 847 Qui
253 774 366 835 tonsor
387 772 459 834 tota
481 768 590 832 fueras
613 767 801 831 notissimus
825 769 919 852 urbe,

212 859 257 922 Et
280 858 438 943 posthoc
461 857 609 921 dominae
633 876 764 920 munere
786 855 892 920 factus
916 877 1026 940 eques,

169 945 312 1012 Sicanias
336 947 432 1010 urbes
455 945 663 1026 Aetnaeaque
687 964 786 1027 regna
809 945 935 1028 petisti,

213 1034 381 1114 Ginname,
404 1056 476 1098 cum
498 1033 627 1117 fugeres
649 1031 759 1096 tristia
781 1031 853 1096 iura
874 1033 948 1096 fori.
970 1067 973 1073 ,

143 1123 239 1198 sQua
262 1143 345 1186 nunc
370 1125 438 1186 arte
461 1141 576 1204 graves
599 1120 756 1184 tolerabis
779 1119 904 1184 inutilis
929 1121 1053 1186 annos?

215 1211 300 1286 Quid
321 1211 401 1274 facit
422 1209 537 1273 infelix
560 1211 593 1272 et
614 1207 755 1293 fugitiva
778 1208 891 1291 quies?

169 1289 245 1364 Non
266 1299 391 1381 rhetor,
413 1319 480 1362 non
503 1298 733 1383 grammaticus
756 1297 864 1361 ludive
887 1298 1057 1383 magister,

213 1386 290 1452 Non
313 1385 467 1470 Cynicus,
488 1407 554 1450 non
577 1389 614 1449 tu
638 1383 765 1450 Stoicus
788 1406 857 1449 esse
881 1391 988 1469 potes,

169 1474 316 1540 Vendere
338 1497 398 1540 noc
420 1496 532 1539 vocem
555 1472 671 1538 Siculis
694 1474 907 1558 plausumque
928 1475 1083 1539 theatris:

128 1579 161 1628 10
216 1563 308 1640 Quod
332 1567 492 1650 superest,
514 1562 646 1643 iterum,
669 1559 839 1645 Oinname,
862 1565 977 1627 tonsor
1000 1565 1073 1628 eris.

581 1702 678 1768 LXV.

170 1810 224 1875 Lis
247 1814 280 1872 te
303 1810 353 1872 bis
378 1809 519 1872 decimae
541 1812 765 1883 numerantem
786 1809 910 1895 frigora
932 1813 1067 1878 brumae

215 1897 363 1964 Conterit
386 1919 450 1960 una
472 1897 592 1980 tribus,
615 1895 815 1982 Gargilianc,
838 1899 951 1965 foris..

170 1986 223 2050 Ah
248 1986 346 2049 miser
369 1988 401 2048 et
424 1985 567 2062 demens!
592 1985 709 2070 viginti
732 1987 842 2070 litigat
866 1988 961 2052 annis

214 2074 405 2158 Quisquam,
429 2074 480 2138 cui
503 2073 600 2155 vinci,
624 2071 825 2158 Gargiliane.
849 2076 947 2140 licet?

573 2231 687 2296 LXVI.

170 2339 330 2405 Heredem
352 2337 471 2423 Fabius
495 2337 675 2403 Labienum
699 2361 736 2402 ex
760 2359 832 2403 asse
855 2340 998 2425 reliquit:

214 2429 292 2493 Plus
316 2427 471 2491 meruisse
493 2430 605 2490 tamen
628 2449 661 2490 se
684 2426 846 2493 Labienus
869 2429 926 2495 ait.

567 2584 697 2649 LXVII.

170 2692 322 2756 Paedicat
344 2713 462 2776 pueros
486 2692 590 2756 tribas
613 2691 780 2757 Philaenis

171 2780 217 2843 Et
239 2781 398 2864 tentigine
422 2780 547 2844 saevior
570 2780 681 2843 mariti

171 2865 324 2931 Undenas
348 2867 438 2931 dolat
460 2868 494 2931 in
517 2867 567 2931 die
589 2868 725 2951 puellas.
798 2907 801 2912 ·

171 2953 337 3039 Harpasto
361 2976 488 3038 quoque
513 2955 677 3040 subligata
699 2956 796 3039 ludit,

146 3042 217 3106 ant
240 3043 385 3106 flavescit
407 3042 528 3126 haphe,
552 3064 730 3128 gravesque
754 3045 879 3110 draucis

172 3130 325 3195 Halteras
348 3130 438 3195 facili
461 3134 550 3195 rotat
572 3132 708 3214 lacerto,

172 3218 217 3282 Et
239 3220 328 3302 putri
351 3219 513 3283 lutulenta
536 3220 574 3283 de
598 3221 761 3304 palaestra

173 3305 271 3371 Uncti
293 3308 425 3373 verbere
448 3309 581 3392 vapulat
604 3309 767 3395 magistri:

172 3393 242 3459 Noc
264 3400 358 3460 cenat
378 3396 468 3480 prius
492 3401 548 3461 aut
570 3397 728 3462 recumbit
750 3402 838 3483 ante,

11 3484 19 3513 '
131 3498 164 3547 10
175 3482 279 3557 Quam
302 3489 427 3568 septem
449 3485 575 3550 vomuit
597 3508 703 3550 moros
728 3487 876 3572 deunoes3

173 3571 226 3635 Ad
248 3594 329 3657 quos
350 3574 401 3638 fas
425 3574 489 3638 sibi
510 3578 589 3639 tunc
612 3579 708 3658 putat
730 3577 863 3659 reverti,

173 3659 256 3725 Cum
279 3662 447 3747 coloephia
471 3662 611 3729 sedecim
633 3664 782 3729 comedit.

167 3747 253 3813 Post
273 3748 355 3816 haec
379 3751 486 3816 omnia
510 3775 582 3816 cum
605 3752 829 3854 libidinatur,¹
931 3748 1136 3883 'm

153 3833 236 3902 Non
257 3837 358 3906 fellat
377 3879 420 3890 -
438 3845 539 3931 putat
557 3843 623 3911 hoc
641 3865 758 3930 parum
772 3841 871 3907 virile
889 3866 934 3887 -·
1124 3878 1130 3883 -
