2408 4132
97 460 140 523 94
421 460 459 516 Μ.
478 460 556 516 VAL.
576 460 775 515 MARTIALIS

139 621 228 686 Haec
241 622 332 705 iuga,
346 644 443 706 quam
457 621 568 705 Nysae
582 623 695 705 collos,
713 623 787 707 plus
801 621 948 687 Bacchus
963 625 1105 709 amavit,

183 709 255 774 Hoc
277 733 380 794 nuper
403 709 512 794 Satyri
535 714 645 775 monte
669 711 783 774 dedere
805 711 931 776 choros.

113 797 228 862 oHaeo
250 797 385 863 Veneris
409 799 512 882 sedes,
534 799 774 863 Lacedaemone
797 799 922 883 gratior
944 799 1006 882 illi,

183 886 245 950 Hic
267 888 357 951 locus
380 886 538 951 Herculeo
561 889 692 952 nomine
715 887 822 951 clarus
847 892 924 951 erat.

140 972 262 1038 Cuncta
284 976 391 1039 iacent
413 975 553 1039 flammis
577 980 610 1040 et
632 975 720 1039 tristi
742 997 849 1039 mersa
870 975 997 1040 favilla:

182 1061 251 1128 Nec
274 1062 382 1146 superi
404 1064 526 1127 vellent
548 1062 610 1127 hoc
632 1063 760 1128 licuisse
783 1063 854 1127 sibi.

548 1220 645 1284 XLV.

137 1327 227 1391 Haeo
249 1326 310 1391 tibi
332 1350 392 1412 pro
414 1331 494 1391 nato
518 1328 613 1410 plena
636 1327 692 1391 dat
714 1327 820 1391 laetus
843 1349 966 1412 acerra,

182 1414 325 1498 Phoebe,
347 1414 515 1480 Palatinus
540 1437 674 1479 munera
695 1414 905 1500 Parthenius,

138 1503 184 1569 Ut
207 1505 262 1589 qui
284 1504 390 1587 prima
412 1526 495 1568 novo
520 1504 629 1586 signat
652 1504 870 1588 quinquennia
893 1505 1010 1590 lustro,

182 1591 321 1674 Impleat
342 1593 527 1656 innumeras
549 1590 672 1655 Burrus
696 1590 917 1675 Olympiadas.

111 1678 202 1744 oFac
224 1683 297 1743 rata
319 1685 395 1744 vota
418 1680 535 1762 patris:
560 1680 605 1744 sio
627 1683 661 1743 tc
683 1684 741 1743 tua
763 1679 880 1764 diligat
902 1681 999 1747 arbor

183 1766 329 1831 Gaudeat
352 1771 385 1831 ct
408 1770 497 1832 certa
519 1767 706 1851 virginitate
730 1789 835 1851 soror,

136 1855 296 1939 Perpetuo
321 1856 367 1919 sic
389 1855 468 1920 flore
492 1855 603 1940 mices,
626 1856 673 1919 sio
696 1856 832 1940 denique
854 1879 921 1921 non
944 1857 1009 1921 sint

181 1944 264 2007 Tam
287 1943 403 2028 longae
427 1944 574 2027 Bromio,
597 1966 695 2028 quam
718 1944 792 2027 tibi,
809 1944 953 2030 Phoebe,
977 1967 1100 2013 comae.

539 2101 653 2167 XLVI.

137 2207 324 2273 Saturnalia
347 2209 479 2291 divitem
503 2207 670 2273 Sabellum

135 2296 306 2362 Fecerunt:
330 2299 445 2363 merito
468 2301 572 2361 tumet
595 2295 756 2380 Sabellus,

135 2384 205 2450 Neo
227 2407 420 2470 quemquam
442 2389 538 2469 putat
561 2407 631 2450 esse
653 2386 881 2471 praedicatque

136 2473 227 2538 Inter
250 2474 427 2538 causidicos
449 2474 638 2538 beatiorem.

110 2561 205 2625 5Hos
228 2561 332 2625 fastus
356 2563 544 2644 animosque
568 2561 624 2626 dat
648 2560 778 2627 Sabello

135 2649 244 2713 Farris
268 2649 428 2713 semodius
450 2649 609 2733 fabaeque
629 2649 747 2731 fresae,

135 2738 181 2802 Et
203 2736 285 2800 turis
307 2737 490 2819 piperisque
513 2741 581 2801 tres
605 2737 757 2821 selibrae,

135 2825 181 2888 Et
203 2823 363 2888 Lucanica
385 2828 498 2888 ventre
521 2846 593 2889 cum
615 2823 756 2908 Falisco,

135 2912 181 2976 Et
203 2911 289 2996 nigri
313 2910 395 2993 Syra
418 2911 536 2975 defruti
558 2913 692 2997 lagona,

93 3016 126 3064 ιο
135 3000 181 3064 Et
204 3001 282 3063 ficus
301 2998 424 3081 Libyca
447 3000 557 3084 gelata
579 3003 666 3065 testa

136 3086 218 3152 cum
241 3086 349 3151 bulbis
373 3087 551 3171 cocleisque
575 3109 740 3172 caecoque.

134 3175 251 3240 Piceno
276 3196 401 3259 quoque
424 3175 512 3239 venit
536 3198 555 3238 a
577 3177 694 3241 cliente

135 3265 256 3329 Parcae
280 3264 397 3328 cistula
419 3285 485 3327 non
507 3286 609 3346 capax
632 3266 749 3351 olivae,

135 3352 180 3417 Et
202 3372 311 3416 crasso
334 3351 426 3436 figuli
449 3351 553 3434 polita
576 3353 663 3417 caelo

93 3456 124 3506 15
136 3439 326 3525 Septenaria
349 3439 511 3524 synthesis
535 3439 688 3525 Sagunti,

134 3528 299 3609 Hispanae
322 3530 445 3592 luteum
468 3531 559 3593 rotae
582 3533 743 3614 toreuma,

134 3619 180 3683 Et
202 3618 270 3682 lato
294 3616 421 3682 variata
443 3639 563 3702 mappa
586 3618 685 3682 olavo.

136 3704 322 3770 Saturnalia
344 3704 559 3770 fructuosiora

119 3793 234 3858 Annis
252 3815 322 3859 non
345 3793 466 3861 habuit
490 3794 600 3862 decem
624 3792 784 3862 Sabellus.
