2408 4132
632 205 643 240 'x

392 323 688 381 EPIGRAMMATON
706 326 775 382 LlB.
794 327 828 382 II.
1072 327 1115 392 49

128 484 303 551 50aecuba
325 491 492 551 saccenlur
515 509 659 570 quaeque
683 510 786 552 annus
809 488 896 553 coxit
919 487 1040 574 Opimi,

140 655 143 659 ¹
199 571 388 640 Condantur
409 596 506 659 parco
528 575 621 641 fusca
643 574 781 640 Falerna
803 577 896 642 vitro.

156 661 275 727 Omnes
299 661 483 748 Tongilium
507 663 621 727 medici
643 663 764 728 iussere
786 664 905 728 lavari:

200 751 226 815 Ο
250 750 357 834 scusi,
380 750 502 815 febrem
526 750 655 816 creditis
679 751 771 816 csse?
808 750 893 815 Gula
916 754 974 816 est.

571 909 655 974 XLI.

154 1015 254 1096 „Ride
278 1015 306 1079 si
329 1014 429 1100 sapis,
453 1037 472 1080 o
495 1016 619 1099 puella,
641 1014 729 1079 ride“

153 1102 344 1189 Paelignus,
366 1106 461 1187 pui0,
485 1104 610 1168 dixerat
632 1107 739 1188 poeta.

155 1189 218 1256 Sed
239 1213 307 1256 non
329 1191 452 1255 dixerat
472 1192 621 1256 omnibus
643 1191 772 1274 puellis.

154 1278 276 1344 Verum
299 1284 336 1343 ut
358 1279 475 1343 dixerit
498 1280 648 1344 omnibus
670 1279 803 1364 puelliS,

128 1367 230 1433 oNon
253 1367 336 1431 dixit
357 1367 431 1434 tibi:
453 1371 490 1432 tu
512 1368 623 1452 puella
644 1388 710 1431 non
733 1389 780 1445 es,

155 1456 200 1520 Eli
222 1459 289 1519 tres
313 1459 388 1519 sunl
410 1456 484 1539 tibi,
507 1455 699 1537 Maximine,
722 1455 847 1538 dentes,

157 1543 220 1608 Sed
241 1545 337 1627 plane
359 1544 504 1628 piceique
526 1545 693 1628 buxcique.

156 1632 264 1708 Quare
287 1633 315 1695 si
338 1632 468 1716 speculo
492 1630 634 1716 mihique
657 1631 775 1715 credis,

155 1720 263 1784 Debes
286 1741 352 1784 non
375 1720 471 1783 aliter
492 1721 606 1784 timere
629 1719 747 1800 risum,

112 1825 145 1873 10
156 1808 260 1884 Quam
283 1811 415 1872 ventum
439 1807 577 1890 Spanius
601 1828 797 1890 manumque
818 1805 962 1891 Priscus,

156 1896 261 1973 Quam
284 1899 408 1960 cretata
431 1897 528 1960 limet
550 1895 688 1960 Fabulla
709 1896 869 1979 nimbum,

157 1985 332 2050 Cerussata
353 1985 448 2048 timet
472 1983 603 2049 Sabella
626 1984 737 2048 solem.

154 2072 274 2137 Vultus
296 2071 393 2136 indue
415 2076 452 2135 lu
475 2072 580 2157 magis
604 2092 746 2153 severos

157 2161 261 2236 Quam
284 2160 422 2225 coniunx
444 2160 566 2225 Priami
587 2180 751 2243 nurusque
774 2158 886 2223 maior.

114 2264 146 2312 15
156 2248 273 2313 Mimos
296 2248 424 2312 ridiculi
446 2246 650 2312 Philistionis

155 2338 201 2402 lli
224 2336 373 2402 convivia
393 2335 550 2421 nequiora
571 2335 641 2400 vita

155 2425 201 2490 Ec
225 2424 379 2509 quidquid
401 2424 508 2509 lepida
529 2423 728 2508 procacitate

155 2512 261 2578 Laxat
282 2513 453 2597 perspicuo
476 2512 598 2578 labella
619 2513 698 2576 risu.

155 2602 201 2666 Te
224 2604 367 2666 maasiae
391 2601 481 2666 decet
503 2600 648 2665 adsidere
671 2598 769 2663 matri

112 2689 335 2776 aoLugentive
357 2689 463 2754 virum
485 2689 615 2774 piumve
638 2687 788 2769 fratrem,

156 2779 201 2843 ut
223 2782 352 2842 tantum
375 2777 509 2864 dragicis
533 2799 647 2842 vacare
670 2775 781 2839 Music.

155 2866 203 2931 At
223 2870 261 2931 lu
283 2864 436 2930 iudicium
460 2869 571 2930 secula
593 2867 742 2930 nostrum

155 2954 267 3037 Plora,
291 2954 319 3018 si
341 2953 442 3038 sapis,
466 2976 485 3019 o
508 2955 633 3037 puella,
654 2953 759 3036 plora.

565 3111 665 3177 XLII.

155 3219 258 3302 Zoile,
281 3218 358 3303 quid
380 3219 499 3283 solium
522 3218 651 3283 subluto
675 3217 787 3301 podice
810 3216 940 3301 perdis?

202 3307 355 3392 Spurcius
378 3309 416 3370 ul
438 3307 509 3392 fiac,
532 3306 634 3389 Zoile,
658 3326 768 3390 merge
791 3308 897 3389 caput.

554 3443 671 3530 imin.

155 3573 264 3637 Κοινὰ
277 3574 386 3656 φίλων
399 3572 479 3636 haec
494 3575 579 3655 sunt,
589 3571 668 3635 haee
683 3574 760 3635 sunl
773 3574 839 3655 lua,
849 3569 1000 3654 Candide,
1010 3571 1117 3651 κοινά,

199 3660 287 3736 Quae
310 3665 347 3725 tu
369 3659 572 3748 magnilocus
594 3662 692 3728 nocie
716 3659 836 3747 dieque
858 3681 980 3726 sonas.

151 3771 231 3813 Mser.
978 3765 1002 3812 Q
