2408 4132
139 432 201 497 130
463 429 500 483 11.
520 427 602 485 vnn.
621 427 820 484 1111111111
917 411 918 414 ‘

155 596 226 659 aAt
249 615 345 677 quam
368 614 434 656 non
456 592 604 673 tetricus,
628 613 725 675 quam
747 593 840 657 nulla
861 593 993 658 nubilus
1017 595 1082 680 ira,

224 681 327 757 Quam
350 681 476 764 plaeido
499 684 629 745 nostras
652 682 777 763 legerat
800 703 855 745 ore
878 685 1003 766 praees!

181 770 270 835 Talis
294 769 494 855 supplicibus
517 768 633 833 tribuit
656 767 839 833 diademata
860 769 959 834 Daeis

224 858 270 923 Et
292 856 493 943 Capitolinas
516 857 605 939 itque
628 856 774 940 reditque
796 858 876 923 vias.

46 998 49 1005 .
181 945 255 1027 Dio,
277 968 404 1031 precor,
427 968 445 1010 o
468 945 573 1008 nostri
595 944 646 1009 die
669 945 797 1010 conseia
818 945 912 1031 virgo
935 945 1110 1033 Tonantis,

139 1050 171 1100 10
226 1033 261 1099 Si
283 1037 382 1120 negat
405 1035 465 1098 hoe
488 1033 593 1116 vultu,
617 1054 680 1116 quo
704 1033 788 1098 solet
811 1055 889 1119 ergo
912 1034 1012 1099 dare?

182 1121 235 1188 Sie
258 1144 333 1209 ego:
356 1123 402 1186 sie
423 1121 566 1185 breviter
587 1120 695 1205 posita
717 1122 798 1185 mihi
821 1120 973 1206 Gorgone
994 1121 1120 1188 Pallas:

224 1210 331 1295 „Quae
352 1210 495 1277 nondum
519 1209 596 1274 data
618 1212 708 1293 sunt,
731 1210 843 1293 stulte,
861 1214 981 1294 negata
1003 1210 1144 1296 putas?“

610 1348 665 1412 XI.

182 1446 274 1524 Quod
291 1471 358 1513 non
376 1449 419 1513 sit
437 1447 576 1531 Pylades
594 1447 656 1511 hoe
674 1450 833 1531 tempore,
851 1443 977 1514 nonsit
995 1447 1141 1534 Orestes,

225 1537 377 1602 Miraris?
412 1535 564 1619 Pylades,
587 1534 709 1619 Marce,
731 1536 865 1601 bibebat
886 1536 986 1619 idem,

180 1625 248 1690 Nee
272 1625 387 1689 melior
408 1623 503 1707 panis
526 1622 679 1686 turdusve
703 1622 840 1688 dabatur
862 1623 1010 1709 Orestae,

226 1711 290 1777 Sed
312 1734 372 1796 par
395 1715 491 1795 atque
515 1709 625 1774 eadem
648 1731 727 1775 11111
749 1711 873 1776 duobus
897 1716 976 1777 erat.

160 1800 235 1865 sTu
257 1798 397 1864 Lucrina
419 1819 530 1875 voras,
552 1819 604 1861 me
627 1797 732 1881 pascit
754 1821 876 1882 aquosa
897 1801 1032 1884 peloris:

224 1888 300 1953 Non
322 1886 427 1950 minus
451 1887 592 1970 ingenua
615 1890 665 1949 est
688 1886 836 1970 etmihi,
859 1887 980 1972 Marce,
1003 1890 1090 1974 gula.

54 1972 58 1981 '
181 1977 227 2040 Te
250 1974 390 2040 Oadmea
413 1974 530 2057 Tyros,
553 1996 605 2039 me
627 1974 757 2060 pinguis
779 1974 886 2039 Gallia
909 1977 1021 2042 vestit:

224 2062 283 2128 Vis
307 2066 340 2127 11
362 2084 572 2148 purpureum,
593 2061 715 2147 Marce,
738 2067 871 2148 sagatus
894 2065 1022 2130 amem?

182 2151 227 2216 Ut
245 2156 408 2234 praestem
421 2150 578 2235 Pyladen,
597 2151 715 2236 aliquis
733 2152 815 2217 mihi
832 2156 976 2238 praestet
995 2152 1139 2220 Oresten.

139 2258 171 2308 10
225 2240 297 2306 Hoo
319 2261 385 2304 non
406 2241 444 2304 fit
466 2239 588 2324 verbis,
609 2239 730 2308 Marce:
752 2245 790 2305 ut
813 2241 944 2323 ameris,
967 2263 1049 2308 ama.

601 2381 673 2447 XII.

37 2492 66 2519 “2
180 2477 271 2543 Iurat
294 2476 430 2560 capillos
454 2498 537 2561 esse,
560 2499 640 2560 quos
664 2479 758 2563 emit,
781 2500 856 2544 suos

181 2563 331 2631 Fabulla:
353 2565 524 2649 numquid,
546 2565 617 2643 illa,
639 2566 752 2651 Paule,
774 2567 919 2652 peierat?

594 2705 682 2770 XIII.

182 2810 261 2886 Quis
284 2813 317 2874 ts
339 2809 494 2875 Phidiaco
517 2810 706 2895 formatam,
728 2811 825 2896 Iulia,
848 2815 951 2898 eaelo,

224 2897 287 2963 Vel
311 2897 382 2982 quis
405 2897 570 2963 Palladiae
593 2920 659 2963 non
681 2903 775 2983 putat
798 2902 878 2967 artis
901 2904 1004 2987 opus?

181 2984 326 3051 Oandida
348 3008 414 3050 non
436 2985 538 3050 111111
559 2988 732 3071 respondet
753 2989 897 3075 imagine
919 2991 1034 3077 lygdos

225 3075 271 3139 Et
292 3074 420 3158 plaeido
442 3073 547 3159 fulget
568 3075 661 3140 vivus
683 3076 719 3139 in
741 3099 796 3142 ore
819 3078 934 3163 liquor.

155 3162 280 3227 sLudit
303 3161 463 3240 Acidalio,
488 3163 543 3226 sed
565 3184 631 3247 non
652 3186 767 3229 manus
790 3188 918 3251 aspera,
940 3167 1038 3252 nodo,

226 3250 329 3328 Quem
351 3250 460 3335 rapuit
482 3250 581 3335 eollo,
603 3273 703 3335 parve
727 3251 863 3338 Oupido,
884 3259 951 3320 tuo.

180 3338 227 3405 Ut
249 3337 366 3405 Martis
389 3342 557 3403 revocetur
579 3361 670 3405 amor
693 3341 872 3427 summique
895 3343 1066 3428 Tonantis,

225 3427 256 3494 A
278 3431 312 3492 te
333 3424 414 3493 Iuno
437 3430 528 3512 petat
550 3431 662 3494 oeston
685 3433 717 3494 et
739 3429 811 3515 ipsa
833 3430 953 3496 Venus.

595 3567 682 3634 XIV.

181 3674 303 3741 Versus
327 3675 467 3741 seribere
489 3695 585 3760 posse
608 3679 641 3740 te
664 3676 802 3742 disertos

175 3764 348 3846 Affirmas,
370 3763 502 3830 Laberi:
526 3762 604 3850 quid
626 3785 704 3851 ergo
726 3787 791 3830 non
817 3765 886 3831 vis?
