2408 4132
150 472 215 536 370
432 470 549 524 INDEX
566 469 865 526 EPIGRAMMATON.

151 629 223 694 Quid
241 630 348 683 faotum
366 630 416 695 est,
434 646 512 698 rogo,
531 628 599 697 quid
617 629 731 697 repente
749 628 856 681 factum
874 631 944 685 est.
1059 630 1094 698 V,
1112 638 1153 684 44.

152 699 225 763 Quid
242 717 287 753 me
306 702 481 769 compactam
500 699 570 752 ceris
590 701 619 753 et
636 699 792 752 harundine
810 698 944 755 ridesl.
974 699 1093 768 ,ΧΙΙΙ,
1112 708 1152 756 64.

152 770 226 835 Quid
244 788 296 837 me,
316 771 395 838 Thai,
416 787 509 824 senem
527 769 645 822 subinde
664 769 752 822 diois?
764 812 980 826 .......
1045 771 1094 838 IV,
1113 779 1152 826 50.

151 841 224 905 Quid
240 858 349 900 meeum
367 813 411 894 es'r
428 840 500 893 tibi?
536 841 580 894 Me
598 840 694 909 puella
712 841 839 894 sumat.
1018 840 1094 910 XIV,
1112 851 1152 897 56.

94 944 97 950 ·
151 911 223 975 Quid
240 911 312 964 mihi
328 911 429 965 reddat
446 928 514 980 ager
531 910 651 979 quaeris,
669 910 745 977 Line,
763 882 980 964 Nomentanus?
1057 913 1092 979 ΙΙ,
1112 919 1151 968 38.

151 982 224 1047 Quid
237 982 307 1035 mihi
319 981 464 1036 vobiscum
479 983 529 1048 est,
545 980 681 1035 oPhoebe
690 997 845 1048 novemque
859 987 984 1035 sorores?
1057 983 1092 1050 ΙΙ,
1112 991 1152 1038 ΙΙ.

151 1052 223 1117 Quid
241 1055 337 1106 narrat
354 1055 404 1105 tua
420 1052 553 1105 moecha?
588 1053 652 1105 Non
668 1052 793 1121 puellam
830 1095 835 1107 .
864 1095 870 1106 .
899 1097 905 1108 .
935 1096 941 1107 .
970 1097 975 1107 .
1044 1053 1092 1121 ΠΙ,
1111 1059 1151 1108 84.

151 1123 224 1188 Quid
241 1122 357 1189 nobis,'
349 1123 451 1189 mquis,
470 1139 532 1175 oum
552 1121 688 1202 epistola?
725 1164 977 1178 ........
1010 1124 1038 1176 ΙΙ
1062 1096 1151 1194 piaef.

152 1193 225 1258 Quid
242 1210 299 1247 non
317 1193 394 1262 eogit
412 1199 506 1246 amor?
525 1192 614 1246 secuit
631 1193 743 1246 nolente
762 1191 942 1260 capillos..
972 1238 977 1249 .
1058 1196 1091 1260 V,
1109 1202 1149 1250 48.

151 1263 224 1328 Quid
242 1280 315 1317 nuno
334 1280 418 1317 saeva
435 1263 509 1332 fugis
527 1263 634 1332 placidi
651 1263 730 1332 lepus
750 1279 799 1316 ora
816 1261 978 1320 leonisl..
1078 1237 1101 1333 I,
1120 1273 1151 1319 ΙΙ

151 1334 224 1399 Quid
241 1337 360 1402 pereunt
378 1335 465 1388 stulto
483 1334 570 1387 fortes
587 1334 649 1387 halt
651 1350 696 1386 ere
713 1333 873 1388 lacertil.
973 1335 1092 1403 .,XIV
1110 1343 1150 1391 49.

151 1404 260 1474 Quidp
262 1405 426 1458 remittebas
444 1404 514 1457 mihi
532 1404 619 1471 milia,
639 1403 739 1471 Gaure,
758 1377 942 1460 ducenta.
935 1447 941 1459 .
970 1447 976 1460 .
1056 1407 1090 1474 V,
1110 1413 1150 1462 8Ι.

151 1474 224 1539 Quid
241 1475 408 1529 recitaturus
427 1474 581 1528 circumdas
599 1475 705 1528 vellera
723 1474 837 1532 οοΙΙοΙ,
867 1518 872 1530 .
902 1518 907 1529 .
937 1519 943 1530 ,
974 1519 980 1531 .
1044 1476 1092 1544 IV,
1111 1484 1150 1532 41.

151 1546 241 1612 „Quid
260 1546 365 1600 sentis“
384 1545 476 1614 inquis
496 1545 548 1613 „de
566 1545 678 1612 nostris,
697 1546 798 1612 Maree,
816 1543 978 1601 libellis?“.
1057 1548 1091 1615 V,
1111 1555 1150 1603 63.

151 1616 232 1684 Quid,
248 1617 346 1684 stulte,
364 1615 468 1670 nostris
486 1616 612 1669 versibus
629 1618 693 1669 tuos
711 1615 829 1668 misces?
867 1659 873 1671 .
902 1659 908 1670 .
937 1659 943 1670 .
973 1660 978 1672 .
1039 1617 1073 1686 Χ,
1095 1625 1151 1674 100.

150 1687 222 1752 Quid
241 1690 278 1752 te,
296 1687 396 1754 Tucca,
415 1686 494 1740 iuvat
512 1687 605 1740 vetulo
624 1686 742 1739 miseere
760 1685 877 1740 Falerno
901 1728 908 1742 .
937 1730 942 1741 .
972 1731 978 1743 .
1069 1689 1092 1756 Ι,
1113 1697 1151 1745 18.

151 1757 223 1821 Quid
241 1757 295 1810 tibi
312 1757 458 1810 nobiscum
477 1759 527 1822 est,
546 1756 607 1809 ludi
625 1756 758 1809 scelerate
776 1756 975 1825 magister..
1042 1759 1091 1827 IX,
1110 1767 1150 1815 68.

151 1827 223 1892 Quid
241 1827 322 1879 vellis
340 1827 474 1892 vetulum,
492 1799 581 1894 Ligia,
600 1833 736 1880 cunnum?
760 1870 978 1884 .......
1057 1831 1091 1897 X,
1110 1837 1150 1885 90.

151 1897 271 1961 Quidam
289 1914 333 1950 me
351 1897 443 1963 modo,
461 1869 541 1963 Itufe,
556 1896 712 1978 diligenter
726 1940 977 1954 ........
1043 1901 1091 1968 VI,
1110 1906 1150 1955 82.

151 1967 292 2035 Quidquid
311 1984 347 2036 ag
348 1968 372 2020 it
388 1968 485 2033 Rufus,
503 1940 575 2020 nihil
594 1970 637 2021 est
654 1967 710 2020 nisi
727 1967 835 2022 Naevia
852 1966 977 2025 Rufo..
1069 1971 1150 2039 I,68.

151 2038 318 2106 Quidquid
310 2056 340 2091 m
328 1986 468 2107 gOrpheo
486 2038 621 2107 Rhodope
640 2040 780 2107 spectasse
798 2039 940 2094 theatro.
971 2043 1090 2112 ..Ep
1109 2049 1149 2096 21.

150 2108 291 2176 Quidquid
309 2109 458 2162 Parrhasia
474 2108 586 2162 nitebat
603 2110 669 2162 aula
691 2150 978 2166 .........
1027 2113 1089 2180 XII,
1111 2118 1149 2167 15.

152 2179 294 2246 Quidquid
310 2179 425 2249 ponitur
441 2179 554 2233 hino
526 2183 554 2233 e
571 2179 637 2233 inde
654 2177 740 2233 verris
759 2222 977 2236 .......
1054 2183 1089 2250 Π,
1109 2189 1150 2238 37.

151 2250 277 2317 Quinque
297 2253 341 2303 sat
341 2250 365 2303 is
384 2251 507 2304 fuerant:
526 2267 591 2304 nam
610 2267 657 2304 sex
676 2252 817 2318 septemve
835 2249 977 2308 libelli..
1033 2251 1109 2321 VIII,
1127 2261 1150 2308 3.

152 2321 252 2385 Quinte
272 2320 437 2375 Caledonios
457 2320 539 2374 Ovidi
556 2321 649 2375 visure
667 2320 872 2376 Britannos..
936 2365 941 2377 .
971 2364 978 2378 .
1055 2323 1089 2392 X,
1109 2331 1150 2379 44.

151 2391 330 2459 Quintiliane,
349 2409 438 2461 vagae
455 2392 615 2445 moderator
633 2407 739 2445 summe
757 2364 942 2448 iuventae.
1056 2366 1091 2461 ΙΙ,
1111 2401 1152 2449 90,

151 2462 284 2527 Quintum
301 2479 351 2531 pro
371 2463 493 2529 Decimo,
514 2480 564 2531 pro
584 2462 689 2529 Crasso,
708 2461 823 2542 Regule,
841 2461 978 2519 Macrum.
1056 2464 1091 2532 V,
1110 2471 1150 2520 21.

151 2532 269 2597 Quintus
287 2535 445 2587 nostrorum
462 2506 535 2586 liber
553 2535 596 2586 est
598 2531 783 2600 ,Augustos
775 2549 900 2585 roeorum
936 2577 941 2588 .
971 2576 978 2588 .
1055 2534 1091 2603 V,
1112 2542 1151 2590 15.

151 2602 219 2666 Quis
236 2603 364 2657 laborm
382 2604 496 2673 phiala?
515 2603 591 2657 dooti
608 2603 686 2671 Myos
706 2619 777 2656 anne
795 2602 976 2670 Myronosl.
1013 2605 1091 2674 VIII,
1111 2613 1151 2660 51.

151 2673 217 2738 Quis
235 2676 323 2742 negat
341 2691 401 2727 esse
421 2677 512 2727 satum
529 2676 655 2727 materno
673 2674 769 2727 funere
787 2673 974 2730 ΒΙΙοΙιιιιιιΙ.
1034 2677 1091 2746 Ep.
1112 2684 1152 2731 13.

152 2743 218 2807 Quis
236 2744 379 2798 Palatinos
397 2744 526 2797 imitatur
542 2744 666 2813 imagine
683 2745 777 2797 vultus
793 2787 976 2800 ......
1043 2747 1092 2814 IX,
1111 2754 1152 2803 24.

151 2814 218 2878 Quis
235 2830 305 2882 puer
323 2814 369 2866 hie
387 2813 485 2866 nitidis
504 2814 618 2868 absistit
634 2814 779 2868 Ianthidos
798 2814 906 2870 undis.
1028 2817 1091 2885 VII,
1112 2826 1150 2872 15.

151 2883 226 2950 Quis,
244 2900 322 2951 rogo,
341 2885 400 2936 tam
418 2883 510 2950 duruS,
529 2885 591 2952 quis
610 2887 670 2938 tam
687 2885 743 2938 fuit
759 2885 808 2938 ille
827 2885 978 2953 superbus.
1055 2887 1091 2956 Χ,
1111 2895 1152 2944 66

152 2953 218 3017 Quis
237 2955 266 3006 te
284 2952 418 3006 Phidiaco
437 2953 539 3007 format
527 2957 593 3021 tam,
612 2955 692 3022 Iulia,
712 2956 837 3011 eaelo..
935 2998 942 3011 .
971 3001 977 3012 .
1042 2958 1091 3026 VI,
1112 2966 1152 3014 13.

152 3023 217 3087 Quis
235 3022 290 3075 tibi
307 3023 447 3092 persuasit
464 3041 545 3077 nares
565 2997 707 3079 abscidere
725 3026 908 3082 moecho?
1041 3029 1092 3097 ΙΠ,
1112 3036 1152 3085 85.

152 3093 282 3160 Quisquis
300 3093 498 3147 Flaminiamt
486 3094 562 3160 teris,
580 3095 672 3148 viator
691 3140 977 3154 .........
1042 3099 1092 3168 ΧΙ,
1114 3108 1153 3155 13.

152 3164 282 3232 Quisquis
300 3164 378 3218 laeta
395 3165 452 3218 tuis
471 3166 501 3218 et
519 3182 581 3218 sera
598 3169 698 3234 parent
686 3166 761 3219 tibus
781 3170 908 3236 optas..
972 3211 978 3223 .
1057 3170 1092 3236 X,
1113 3179 1152 3226 71.

152 3234 281 3303 Quisquis
301 3236 426 3289 stolaeve
443 3252 617 3305 purpuraeve
636 3239 811 3306 eontemptor
833 3281 979 3295 .....
1074 3213 1110 3310 X,
1129 3247 1152 3296 d.

152 3306 210 3370 Quo
228 3306 319 3375 possit
336 3305 397 3359 fieri
414 3307 506 3373 modo,
526 3306 625 3360 Severe
657 3351 978 3365 ..........
1029 3285 1110 3379 VII,
1112 3319 1152 3367 34.

152 3377 210 3441 Quo
229 3380 269 3444 Ιιι,
288 3395 357 3446 qu0,
370 3377 442 3430 liber
460 3377 558 3444 otiose,
577 3377 669 3431 tendis
692 3422 978 3436 .........
1061 3382 1111 3450 ΧΙ,
1131 3392 1152 3437 1.

152 3446 211 3510 Quo
230 3447 272 3501 vis
292 3465 399 3516 eunque
418 3448 479 3502 loeo
497 3451 578 3517 potes
597 3449 670 3501 hune
688 3448 766 3502 finire
784 3449 941 3507 libellum.
1034 3451 1112 3521 XIV,
1129 3459 1153 3509 2.

152 3517 231 3582 Quod
249 3518 334 3586 alpha
352 3518 418 3585 dixi,
438 3517 533 3585 Corde,
552 3518 838 3587 paenulatorum.
935 3562 943 3579 .
970 3562 978 3579 .
1057 3522 1092 3593 V,
1111 3530 1153 3579 26.

151 3587 230 3652 Quod
248 3587 381 3711 Caietano
400 3589 502 3657 reddiS,
522 3590 712 3657 Polycharmo,
730 3562 908 3649 tabells·
900 3630 910 3653 .
1157 3610 1161 3619 ·

151 3657 276 3722 Quodl
250 3676 353 3712 eamas
373 3677 489 3740 semper,
504 3660 579 3729 quod
594 3660 774 3729 agentibuso
953 3726 961 3737 ,ι
1014 3730 1019 3737 Ι

150 3729 228 3794 Quod
248 3730 404 3814 convivaris
424 3731 483 3783 sine
501 3734 622 3785 metam
640 3730 772 3800 saepe,Ia
917 3736 957 3783 '··

137 3800 222 3867 Quod
240 3802 322 3876 cupis
342 3802 373 3860 in
391 3803 498 3861 nostris
518 3803 630 3875 dieique
643 3802 777 3875 legique.
