2408 4132
327 333 623 391 EPIGRAMMATON
640 336 706 391 LIB.
726 337 758 392 V.
988 338 1050 402 125

89 496 233 579 Miraris,
256 496 445 562 Theodora?
466 498 588 583 Magna
610 521 707 564 causa
730 503 792 564 cst:

89 584 198 649 Dones
221 589 257 648 tu
279 585 422 649 mihine
445 591 519 650 tuos
542 587 680 651 libellos.

476 726 621 793 LXXIV.

89 830 261 914 Pompeios
284 831 414 895 iuvenes
438 831 519 896 Asia
542 836 638 915 atque
661 833 808 917 Europa,
831 834 887 898 sed
908 835 1013 918 ipsum

134 919 234 982 Terra
255 920 338 1004 tegit
360 919 496 1004 Libyae,
519 920 548 984 si
569 925 679 985 tamen
701 922 770 986 ulla
792 923 882 1005 tegit.

90 1007 175 1083 Quid
197 1007 316 1071 mirum
339 1011 409 1072 toto
434 1009 462 1072 si
485 1009 649 1094 spargitur
672 1010 772 1074 orbe?
807 1009 915 1075 Iacere

133 1093 206 1159 Uno
229 1117 295 1158 non
316 1099 446 1179 poterat
468 1100 560 1162 tanta
582 1099 675 1165 ruina
697 1098 779 1162 loco.

483 1237 611 1303 LXXV.

90 1341 178 1417 Quae
200 1342 282 1426 legis
306 1363 402 1407 causa
423 1343 536 1426 nupsit
556 1344 619 1407 tibi
641 1343 765 1428 Laelia,
788 1344 919 1430 Quinte,

133 1428 273 1494 Uxorem
296 1434 388 1514 potes
410 1430 493 1497 hano
516 1431 621 1496 dicere
643 1433 830 1518 legitimam.

10 1592 61 1707 ys
473 1571 618 1637 LXXVI.

16 1703 20 1716 ·’
87 1676 229 1741 Profecit
251 1680 328 1761 poto
352 1676 556 1743 Mithridates
580 1700 675 1762 saepe
697 1702 834 1764 veneno,

132 1765 251 1829 Toxica
272 1786 313 1829 ne
335 1769 467 1848 possent
490 1787 586 1831 saeva
607 1789 723 1832 nocere
746 1769 816 1832 sibi.
963 1824 971 1839 .

87 1852 137 1916 Tu
160 1874 285 1936 quoque
309 1853 423 1917 cavisti
446 1855 587 1919 cenando
610 1859 678 1919 tam
701 1857 786 1920 male
809 1877 936 1940 semper

131 1940 181 2005 Ne
203 1962 315 2024 posses
337 1951 492 2025 unquam,
516 1940 630 2025 Cinna,
653 1943 757 2027 perire
779 1944 888 2010 fame.

463 2079 625 2145 LXXVII.

86 2188 246 2254 Narratur
268 2188 353 2252 belle
377 2187 506 2270 quidam
529 2186 660 2271 dixisse,
682 2187 832 2272 Marulla,

132 2276 195 2352 Qui
216 2281 249 2340 te
270 2275 355 2339 ferre
378 2276 485 2339 oleum
508 2273 589 2337 dixit
610 2273 646 2337 in
668 2275 818 2341 auricula.

455 2413 632 2479 LXXVIII.

46 2604 49 2611 .
88 2523 124 2589 Si
146 2523 234 2588 tristi
256 2521 434 2586 domicenio
458 2522 601 2604 laboras,
688 2573 690 2577 .

52 2620 55 2625 ⁴
85 2611 220 2694 Torani,
241 2613 334 2695 potes
357 2609 478 2675 esurire
500 2631 634 2675 mecum.

85 2700 161 2764 Non
183 2698 319 2763 dcerunt
339 2698 411 2781 tibi,
435 2698 464 2762 si
486 2697 571 2763 soles
592 2698 782 2782 προπίνειν,
951 2757 953 2765 .

84 2787 176 2853 Viles
199 2784 409 2870 Cappadocae
433 2807 610 2872 gravesque
632 2787 733 2870 porri,
898 2719 950 2865 7

59 2874 208 2942 5Divisis
231 2873 360 2958 cybium
382 2874 498 2939 latebit
521 2874 599 2939 ovis.
1058 2892 1066 2907 ·

85 2963 228 3028 Ponetur
250 2962 361 3048 digitis
384 2962 540 3027 tenendus
563 2962 645 3027 ustis

84 3051 190 3136 Nigra
212 3050 365 3115 coliculus
386 3050 495 3116 virens
517 3051 649 3134 patella,

85 3140 262 3225 Algentem
285 3138 458 3222 modo.qui
480 3138 611 3223 reliquit
632 3138 776 3218 hortum,

84 3228 132 3292 Et
152 3227 276 3311 pultem
298 3226 425 3291 niveam
447 3248 597 3311 premens
619 3227 772 3308 botellus,

41 3332 74 3381 10
85 3316 132 3380 Et
153 3315 279 3398 pallens
301 3314 378 3379 faba
401 3337 474 3379 cum
496 3315 630 3379 rubente
653 3314 752 3379 lardo.

83 3403 216 3468 Mensae
239 3424 371 3468 munera
394 3403 422 3466 si
444 3403 533 3468 voles
556 3402 723 3484 secundae,

83 3491 266 3556 Marcentes
288 3490 350 3555 tibi
371 3490 578 3575 porrigentur
599 3511 680 3554 uvae

82 3578 130 3644 Et
151 3600 268 3645 nomen
290 3578 362 3661 pira
384 3577 595 3661 quaeserunt
618 3575 785 3661 Syrorum,

82 3667 130 3732 Et
152 3688 232 3751 quas
255 3666 348 3733 docta
370 3664 527 3753 Neapolis
551 3665 690 3754 creauit,
