2408 4132
334 327 630 384 EPIGRAMMATON
647 329 713 385 LlB.
734 330 766 384 V.
994 331 1056 395 127

95 489 190 554 Lassi
213 512 376 553 marmora
398 487 528 574 Sisyphi
550 490 686 574 videbit,

97 578 198 652 Quem
222 578 368 642 censoria
391 600 463 642 eum
486 600 557 642 meo
582 577 699 643 Severo

95 665 194 731 Docti
216 665 295 729 lima
318 667 527 730 momorderit
551 664 696 730 Secundi.

480 824 628 890 LXXXI.

98 928 231 1014 Semper
252 952 375 1014 pauper
399 930 477 1012 eris,
500 931 528 993 si
550 951 673 1013 pauper
697 952 742 1012 es,
766 930 955 996 Aemiliane.

139 1018 269 1082 Dantur
291 1039 367 1101 opes
390 1019 473 1083 nulli
496 1040 580 1083 nune
602 1019 667 1082 nisi
690 1018 854 1084 divitibus.

473 1175 636 1241 LXXXII.

98 1282 181 1358 Quid
204 1283 420 1364 promittebas
443 1283 525 1346 mihi
549 1282 652 1365 milia,
676 1280 796 1364 Gaura,
820 1282 968 1366 ducenta,

141 1367 271 1434 Sidere
295 1391 361 1435 non
382 1372 513 1454 poteras
536 1371 639 1453 milia,
664 1368 783 1449 Gaure,
809 1369 940 1434 decem?

96 1458 149 1521 An
173 1463 265 1541 potes
289 1461 323 1522 et
344 1480 410 1522 non
428 1459 499 1523 ris?
521 1457 629 1544 Regu,
650 1458 716 1522 non
735 1461 785 1522 est
802 1461 928 1542 turpius
947 1457 1056 1523 istud?

140 1545 170 1629 I,
192 1545 254 1610 tibi
277 1546 453 1631 dispereas,
477 1545 596 1611 Gaura:
618 1546 757 1630 pusillus
780 1545 876 1610 homo
901 1568 943 1612 ee.

465 1703 644 1770 LXXXIII.

96 1794 287 1894 Insequeris,
296 1810 399 1895 fugio,
413 1812 509 1897 fugis,
522 1813 686 1894 insequor3
699 1809 779 1876 haee
793 1810 874 1874 mihi
887 1833 977 1874 mens
993 1815 1055 1875 est:

140 1898 232 1963 Velle
255 1902 347 1963 tuum
369 1901 461 1984 nolo,
483 1899 657 1982 Dindyma,
679 1898 765 1962 nolle
788 1899 872 1963 vole.

465 2055 641 2120 LXXXIV.

12 2086 80 2259 {tf
96 2164 167 2227 Iam
189 2163 295 2227 tristis
317 2162 453 2226 nucibus
475 2183 556 2244 puer
578 2160 701 2225 relictis

69 2265 74 2278 “
98 2250 249 2315 Clamoso
272 2252 441 2315 revocatur
464 2271 483 2313 a
506 2251 676 2334 magistre,

97 2339 143 2403 Et
165 2338 283 2403 blando
306 2338 390 2406 male
412 2337 559 2421 proditus
580 2336 710 2420 fritillo,

98 2425 227 2491 Arcana
248 2427 343 2490 modo
367 2429 480 2508 raptus
504 2446 520 2489 e
542 2425 676 2509 popina,

70 2514 244 2578 uAedilem
265 2517 361 2598 rogat
384 2513 465 2577 udus
488 2514 620 2577 aleator.
677 2544 680 2552 ·

100 2601 287 2667 Saturnalia
308 2601 464 2667 transiere
486 2602 570 2684 tota,

97 2690 166 2755 Nee
188 2689 377 2754 munuscula
398 2711 511 2772 parva,
533 2710 592 2753 nee
614 2688 739 2753 minora

97 2777 216 2842 Misisti
239 2777 333 2861 mihi,
356 2776 465 2855 Galla,
489 2798 585 2860 quam
608 2777 743 2842 solebas.

98 2864 181 2929 Sane
205 2865 251 2930 sic
274 2866 369 2930 abeat
390 2887 479 2929 meus
502 2865 692 2929 December:

52 2971 87 3019 10
99 2952 169 3018 Seis
191 2957 292 3036 certe,
315 2957 407 3037 puto,
429 2956 539 3017 vestra
561 2954 625 3016 iarn
648 2952 755 3018 venire

98 3040 298 3123 Saturnalia,
320 3041 456 3106 Martias
479 3039 655 3123 Kalendas,

96 3129 187 3194 Tune
209 3129 340 3194 reddam
362 3128 437 3212 tibi,
460 3126 567 3213 Galla,
590 3128 675 3211 quod
698 3126 823 3194 dedisti.

475 3376 634 3386 oe-——u—-n
