2408 4132
91 467 156 534 306
416 465 454 519 u.
473 465 555 519 vnn.
574 461 773 518 unsarans

135 629 181 693 Et
202 627 322 692 tinetas
346 628 413 691 sale
436 627 602 710 pruriente
624 625 755 690 chartas

134 716 278 782 Instanti
301 717 373 798 lege
397 714 492 799 Rufe3
516 714 572 778 sed
593 713 703 798 puella

111 805 188 870 oSit
210 808 317 868 tecum
339 807 411 887 tua,
433 825 474 866 ne
496 803 707 866 talassionem

135 893 262 957 Indicas
285 892 435 956 manibus
458 890 642 955 libidinosis

137 981 181 1046 Et
202 981 262 1045 fias
285 981 355 1043 sine
377 979 498 1043 semina
519 979 665 1043 maritus.

536 1106 653 1174 XOVL

138 1208 219 1274 Cum
242 1208 302 1272 tibi
326 1209 405 1272 nota
426 1207 476 1271 tui
498 1207 542 1271 sit
563 1206 632 1272 rita
654 1206 796 1288 fidesque
819 1207 946 1291 mariti,

181 1295 250 1361 Neo
272 1300 400 1380 premat
421 1295 490 1359 ulla
512 1299 586 1360 tuos
609 1293 803 1359 sollicitetve
825 1297 932 1377 toros,

140 1384 222 1461 Quid
245 1385 338 1468 quasi
360 1383 537 1469 paelicibus
560 1382 721 1466 torqueris
744 1382 855 1465 inepta
878 1382 1062 1471 ministris,

182 1472 222 1537 In
245 1472 360 1556 quibus
384 1476 417 1536 et
439 1472 546 1537 brevis
569 1473 620 1536 est
642 1475 675 1536 et
697 1469 837 1554 fugitiva
857 1467 998 1537 Venus?

113 1561 215 1626 5Plus
237 1561 300 1626 tibi
323 1583 419 1644 quam
439 1560 568 1625 domino
590 1580 708 1644 pueros
731 1562 898 1642 praestare
919 1562 1093 1643 probabo:

184 1649 229 1712 Hi
250 1647 386 1731 faciunt,
409 1652 446 1711 ut
470 1649 513 1711 sis
535 1647 657 1711 femina
680 1648 749 1712 sola
771 1646 856 1730 vi103

139 1737 184 1802 Hi
199 1737 277 1800 dant
291 1736 375 1819 quod
389 1758 455 1799 non
468 1737 517 1800 vis
532 1758 613 1799 uxor
626 1736 711 1799 dare.
737 1734 806 1820 „Do
823 1735 968 1820 tamen,“
980 1736 1111 1826 inquis,

184 1824 252 1909 „Ne
275 1845 376 1908 vagus
400 1846 420 1887 a
441 1824 595 1887 thalamis
618 1824 763 1908 coniugis
786 1825 871 1887 erret
894 1825 1020 1889 amor.“

140 1912 215 1977 Non
238 1912 349 1976 eadem
372 1934 423 1976 res
447 1915 510 1976 est:
523 1911 648 1976 Chiam
672 1913 761 1994 volo,
781 1912 859 1976 nolo
883 1913 1078 1981 mariseam:

99 2018 132 2066 10
185 1999 236 2065 Ne
260 2000 386 2064 dubites
409 2020 491 2083 quae
514 2001 559 2063 sit
581 1999 676 2084 Chia,
698 2001 836 2064 marisca
858 2002 917 2064 tua
940 2007 1002 2067 est.

142 2088 229 2154 Scire
253 2110 328 2153 suos
351 2089 431 2152 fines
455 2092 604 2153 matrona
627 2093 660 2153 et
682 2087 802 2153 femina
825 2087 935 2154 debet:

186 2176 269 2242 Cede
293 2199 352 2241 sua
373 2177 495 2262 pueris,
518 2181 608 2241 utere
631 2182 724 2261 parte
746 2181 813 2242 tua.

534 2316 664 2383 XCVII.

142 2416 231 2481 Uxor
253 2438 325 2480 oum
348 2415 411 2480 tibi
433 2415 476 2479 sit
498 2414 621 2498 puella,
645 2415 774 2499 qualem

142 2503 238 2569 Votis
261 2504 314 2568 vir
336 2507 428 2587 petat
449 2503 616 2586 improbus
639 2503 789 2584 maritus,

143 2593 257 2674 Dives,
278 2592 412 2676 nobilis,
435 2591 573 2674 erudita,
597 2596 700 2675 casta,

143 2679 294 2763 Rumpis,
317 2679 430 2762 Basse,
453 2680 553 2760 latus,
577 2679 634 2744 sed
655 2679 690 2743 in
713 2678 861 2763 comatis,

118 2768 262 2834 tUxoris
285 2767 347 2830 tibi
370 2767 444 2832 dote
468 2789 549 2852 quos
571 2768 704 2852 parasti.

143 2857 189 2920 Et
211 2856 257 2919 sie
281 2853 321 2917 ad
344 2854 506 2919 dominam
530 2878 659 2921 reversa
681 2856 816 2941 languet

144 2943 257 3008 Multis
281 2942 425 3006 mentula
448 2943 579 3007 milibus
602 2944 782 3028 redempta,

147 3031 208 3096 Sed
231 3052 289 3094 neo
311 3030 443 3094 vocibus
467 3031 605 3095 excitata
626 3032 769 3111 blandis,

146 3119 239 3185 Molli
262 3118 378 3202 pollice
400 3140 458 3183 nee
481 3123 598 3203 rogata
620 3121 734 3206 surgit.

104 3227 136 3275 10
147 3207 197 3274 Sit
218 3208 349 3272 tandem
371 3207 489 3291 pudor,
513 3210 570 3271 aut
594 3229 703 3273 eamus
726 3209 761 3272 in
779 3207 839 3273 ius.

145 3296 222 3362 Non
244 3299 294 3361 est
315 3297 395 3360 haee
416 3300 487 3380 tua,
509 3294 623 3360 Basse:
646 3297 828 3361 vendidisti.

529 3435 677 3504 XOVHI.

148 3535 257 3599 Baetis
281 3534 428 3600 olivifera
451 3535 569 3600 crinem
592 3535 741 3600 redimite
764 3556 894 3618 corona,

193 3624 300 3686 Aurea
323 3623 377 3706 qui
399 3624 510 3688 nitidis
533 3624 655 3689 vellera
677 3624 800 3709 tinguis
824 3623 930 3709 aquis·

150 3709 249 3786 Quem
259 3708 419 3814 Bromius,
429 3734 523 3796 quem
532 3712 644 3777 Pallas
655 3717 755 3798 amat,
764 3670 1116 3865 w

184 3799 311 3867 Albula
335 3823 532 3892 naugerum
552 3825 611 3891 per
632 3802 765 3884 ltetap
1051 3808 1059 3827 ²
