2408 4132
158 435 163 446 ’
351 425 646 480 EPIGRAMMATON
663 426 729 482 LIB.
748 427 796 481 IV.
1033 428 1074 492 97

73 607 105 653 15
116 589 292 653 Armorum
317 586 394 662 Salo
418 593 617 672 temperator
637 588 752 671 ambit,
841 587 843 591 ’

116 678 329 760 Tutelamque
353 676 531 759 chorosque
554 676 778 760 Rixamarum,

115 766 160 830 Et
183 764 330 829 convivia
352 764 435 828 festa
459 763 671 846 Carduarum,

116 855 160 919 Et
182 854 281 917 textis
304 852 434 916 Peterin
456 855 538 916 rosis
562 853 746 934 rubentem,

116 942 223 1025 Atque
248 942 380 1025 antiqua
403 945 533 1025 patrum
555 941 685 1005 theatra
708 940 823 1026 Rigas,

73 1030 290 1094 aoEtcertos
314 1029 420 1094 iaculo
443 1029 508 1094 levi
532 1027 654 1112 Silaos,

116 1119 338 1203 Turgontique
361 1118 451 1182 lacus
473 1116 700 1200 Perusiaeque,

116 1207 162 1271 Et
185 1227 304 1290 parvae
328 1207 409 1270 vada
432 1228 514 1290 pura
536 1205 759 1289 Tuetonissae,
870 1211 874 1218 ’

116 1296 161 1359 Et
185 1297 331 1358 sanctum
354 1293 536 1358 Buradonis
558 1294 716 1377 ilicetum,
745 1365 749 1375 ¹

117 1382 179 1446 Per
202 1382 286 1466 quod
310 1383 361 1446 vel
384 1383 476 1467 piger
499 1383 645 1447 ambulat
668 1383 784 1465 viator,

72 1487 106 1535 ao
116 1471 162 1534 Et
185 1493 267 1555 quae
290 1469 429 1534 fortibus
454 1471 571 1535 excolit
593 1471 735 1535 iuvencis

117 1558 242 1623 Curvae
264 1558 405 1623 Manlius
429 1581 506 1623 arva
528 1558 728 1624 Vativesoae.

117 1647 206 1711 Haec
229 1651 298 1710 tam
320 1646 453 1729 rustica,
477 1647 612 1711 delicate
635 1648 751 1731 lector,

117 1735 215 1799 Rides
239 1735 393 1799 nomina?
415 1735 520 1799 rideas
544 1735 676 1818 licebit,

117 1823 206 1887 Haec
229 1826 298 1887 tam
320 1823 443 1905 rustica
465 1825 564 1906 malo,
588 1846 686 1907 quam
709 1821 883 1888 Butuntos.

535 1981 619 2046 LVI.

118 2087 252 2152 Munera
275 2086 361 2170 quod
383 2087 511 2151 senibus
534 2087 702 2170 viduisque
725 2087 872 2172 ingentia
896 2085 1011 2168 minis,

163 2175 223 2240 Vis
247 2179 280 2240 te
303 2176 504 2257 munificum,
529 2173 732 2258 Gargiliane,
755 2175 887 2239 vocem?

120 2263 285 2329 Sordidius
308 2263 390 2326 nihil
414 2267 476 2347 est,
498 2263 581 2326 nihil
605 2267 654 2327 est
676 2266 710 2326 te
734 2263 878 2344 spurcius
902 2284 980 2343 unc,

163 2352 225 2428 Qui
247 2356 341 2436 potes
364 2351 497 2414 insidias
521 2351 604 2415 dona
627 2372 742 2415 vocare
765 2355 853 2414 tuas:

93 2439 173 2505 asic
196 2440 298 2505 avidis
321 2439 421 2504 fallax
444 2439 590 2521 indulget
612 2440 754 2524 piscibus
777 2439 906 2515 hamus,

163 2527 289 2592 Callida
313 2528 357 2592 sic
381 2528 500 2591 stultas
525 2527 644 2611 decipit
668 2549 740 2592 esca
762 2526 858 2591 feras,

120 2616 203 2693 Quid
228 2618 269 2680 sit
292 2616 420 2702 largiri,
443 2615 520 2701 quid
543 2616 586 2679 sit
609 2617 741 2697 donare,
765 2615 900 2697 docebo,

164 2704 199 2770 Si
222 2705 341 2769 nescis:
365 2706 462 2788 dona,
487 2703 689 2788 Gargiliane,
712 2703 800 2768 mihi.

525 2862 626 2927 LVII.
660 2890 663 2895 ·

118 2969 204 3033 Dum
228 2990 286 3033 nos
309 2969 429 3034 blanda
451 2972 563 3032 tenent
586 2969 698 3033 lascivi
722 2972 840 3052 stagna
862 2968 992 3033 Lucrini

161 3058 207 3120 Et
231 3079 311 3140 quae
334 3057 488 3141 pumiceis
511 3056 657 3120 fontibus
682 3060 776 3129 antra
800 3058 920 3141 calent,

119 3145 166 3210 Tu
192 3146 270 3210 eolis
294 3145 396 3230 Argei
419 3166 568 3229 regnum,
590 3143 758 3228 Faustine,
782 3146 900 3226 coloni,

162 3232 232 3309 Quo
255 3237 288 3298 te
311 3234 360 3297 bis
385 3233 526 3297 decimus
550 3233 638 3297 ducit
660 3234 701 3298 ab
725 3234 803 3297 urbe
827 3233 918 3316 lapis.

93 3321 259 3388 5Horrida
283 3321 338 3385 sed
361 3321 487 3385 fervent
510 3320 665 3386 Nemeaei
687 3324 820 3404 pectora
843 3322 980 3387 monstri

158 3410 230 3474 Nec
255 3411 334 3473 satis
359 3413 420 3493 est,
446 3409 541 3473 Baias
565 3410 640 3494 igne
663 3410 766 3473 calere
790 3430 857 3473 suo.

117 3499 207 3580 Ergo
232 3498 314 3562 sacri
337 3499 444 3562 fontes
467 3502 501 3561 et
523 3498 620 3562 litora
644 3502 738 3582 grata
761 3499 880 3581 valete,

162 3586 389 3670 Nympharum
411 3587 534 3670 pariter
556 3584 795 3668 Nereidumque
819 3585 941 3651 domus.

118 3674 293 3739 Herculeos
317 3675 416 3739 colles
440 3674 546 3758 gelida
570 3696 626 3738 vos
650 3673 768 3737 vincite
791 3674 920 3757 bruma,

76 3780 108 3828 ro
162 3763 255 3826 Nunc
280 3762 459 3828 Tiburtinis
483 3762 588 3828 cedite
610 3761 807 3851 lriqoribus.

114 3875 194 3912 Maur,
818 3861 820 3866 ¹
938 3865 959 3907 'l
