2408 4132
374 343 669 403 EPIGRAMMATON
686 347 752 403 LIB.
771 349 818 407 VI.

141 506 250 590 „Tune
274 530 321 592 es,
344 507 440 572 tune“
463 508 510 571 ait
532 508 607 592 „ille
630 508 805 594 Martiam,

116 594 240 660 oOuius
262 596 426 678 nequitias
448 595 600 681 iocosque
621 599 726 680 novit,

140 685 259 747 Aurem
285 684 340 768 qui
362 684 457 749 modo
479 705 546 748 non
568 684 668 750 habet
689 685 886 751 Batavaml“

141 769 267 836 Subrisi
289 771 426 873 modice,
449 772 575 856 levique
597 777 679 837 nutu
767 863 775 876 ο

139 860 950 1034 trtsstlttttifflt²32¹¹mtdlama

98 1053 130 1100 10
140 1036 318 1121 Respondi:
340 1037 459 1120 ,‚‚,quia
481 1058 554 1101 sum
575 1037 681 1103 malus
703 1039 848 1123 poeta““.

139 1124 211 1190 Hoc
233 1146 274 1189 ne
297 1125 424 1208 saepius
447 1125 573 1190 accidat
594 1129 725 1210 poetae,

138 1213 268 1297 Mittas,
289 1213 385 1298 Rufe,
407 1213 489 1278 mihi
511 1214 614 1278 bonas
637 1213 792 1281 lacernas.

510 1371 690 1438 LXXXIIL

140 1477 303 1554 Quantum
327 1477 468 1542 sollicito
491 1477 621 1543 fortuna
643 1478 789 1562 parentis
811 1478 964 1563 Etrusco,

182 1565 336 1650 Tantum,
359 1586 483 1630 summo
506 1566 635 1649 ducum,
658 1567 754 1631 debet
776 1570 909 1650 uterque
931 1569 1002 1635 tibi.

139 1654 225 1719 Nam
247 1658 284 1718 tu
306 1655 405 1718 missa
427 1657 485 1719 tua
507 1655 669 1720 revocasti
690 1654 827 1720 fulmina
849 1659 997 1721 dextrar-

182 1741 252 1807 Hos
276 1764 424 1826 cuperem
446 1764 553 1807 mores
575 1744 705 1828 ignibus
729 1765 798 1808 esse
821 1742 923 1829 Iovis;

113 1829 176 1896 osi
197 1834 256 1895 tua
279 1831 322 1894 sit
345 1852 485 1912 summo,
507 1829 639 1913 (laesor,
660 1835 779 1899 natura
802 1832 956 1916 Tonanti,

182 1917 303 1984 Utetur
324 1921 397 1984 toto
417 1918 552 1983 fulmine
574 1941 649 1984 rara
670 1941 793 1984 manus.

139 2006 281 2071 Muneris
304 2007 365 2072 hoo
386 2006 559 2091 utrumque
581 2009 631 2072 tui
652 2010 792 2072 testatur
812 2008 985 2092 Etruscus,

147 2176 148 2180 Ἰ
181 2095 264 2159 Esse
287 2095 373 2179 quod
397 2099 431 2160 et
452 2095 563 2160 comiti
586 2095 722 2180 contigit
745 2099 778 2159 et
800 2096 917 2161 reduci.

510 2252 686 2318 LXXXIV.

138 2359 323 2443 Octaphoro
347 2380 444 2423 senus
467 2362 631 2444 portatur,
654 2359 765 2442 Avito,
787 2325 966 2443 Philippus.

181 2448 276 2513 Hunc
298 2451 336 2513 tu
358 2449 387 2512 si
411 2470 525 2512 sanum
548 2447 664 2532 eredis,
687 2446 797 2531 Avite,
819 2448 909 2513 furis.

517 2605 677 2671 LXXXV.

137 2712 256 2777 Editur
278 2734 319 2777 en
342 2716 450 2779 sextus
473 2712 543 2778 sine
566 2716 599 2777 te
622 2713 716 2796 mihi,
738 2712 822 2778 Rufe
845 2711 993 2801 Camoni,

180 2799 306 2866 Necte
329 2802 483 2866 lectorem
507 2804 630 2885 sperat,
654 2802 767 2880 amice,
791 2802 887 2866 liber:

136 2887 241 2972 Impia
263 2887 491 2974 Cappadocum
513 2890 611 2954 tellus
635 2893 668 2954 et
688 2891 822 2955 numine
846 2890 939 2956 laevo

179 2976 260 3042 Visa
283 2978 346 3042 tibi
367 2979 489 3043 cineres
511 2978 616 3043 reddit
639 2982 672 3042 et
695 2999 769 3042 ossa
791 2980 886 3063 patri.

110 3064 245 3131 oFunde
269 3070 325 3130 tuo
348 3067 500 3131 lacrimas
524 3068 639 3131 orbata
661 3064 811 3131 Bononia
832 3066 917 3138 Rufo
923 3117 932 3150 ‚

179 3153 224 3218 Et
246 3159 374 3220 resonet
396 3158 469 3220 tota
490 3155 639 3238 planctus
662 3155 698 3218 in·
719 3154 873 3219 Aemilia:

135 3241 208 3306 Heu
231 3242 337 3327 qualis
359 3242 478 3327 pietas,
496 3243 559 3307 heu
583 3264 679 3326 quam
703 3243 811 3307 brevis
830 3242 947 3308 occidit
971 3245 1073 3307 aetas!

178 3329 314 3396 Viderat
336 3331 454 3414 Alphei
476 3332 621 3416 praemia
644 3332 758 3415 quinta
780 3331 885 3396 modo.

134 3418 268 3484 Pectore
291 3424 328 3484 tu
351 3421 487 3484 memori
508 3423 639 3484 nostros
663 3418 810 3484 evolvere
833 3420 922 3483 lusus
928 3469 937 3502 ,

94 3524 124 3571 10
178 3507 227 3572 Tu
251 3509 366 3573 solitus
389 3511 492 3591 totos,
514 3507 610 3590 Rufe,
633 3511 742 3572 tenere
764 3507 866 3591 iocos,
997 3555 1000 3561 -
1080 3504 1083 3509 ’

134 3596 253 3680 Accipe
277 3619 348 3662 cum
371 3596 450 3660 fletu
472 3596 589 3660 maesti
611 3596 709 3660 breve
731 3616 861 3661 carmen
884 3595 981 3659 amici

176 3684 286 3770 Atque
307 3685 389 3752 haec
412 3683 562 3753 absentis
582 3687 663 3753 tura
681 3684 791 3751 luiuoe
809 3688 910 3768 puta.
942 3777 981 3833 a*

924 3787 948 3832 x,

978 730 1026 797 f
