2408 4132
91 456 154 521 122
417 458 454 511 M.
474 457 553 511 VAL.
572 455 768 510 MARTIALIS

134 619 210 684 Non
234 620 368 684 dcerunt
390 624 500 685 tamen
522 620 584 684 hac
607 620 641 683 in
664 620 743 684 urhe
766 618 877 683 forsan

133 707 226 776 Unus
249 708 302 772 vel
326 709 388 773 duo
411 713 519 772 tresve
542 711 749 791 quattuorve,

92 812 124 860 10
136 796 257 860 Pellem
280 797 392 861 rodere
416 797 471 880 qui
493 797 595 861 velint
618 796 779 860 caninam:

134 883 203 948 Nos
226 884 288 950 hac
311 908 331 950 a
354 885 461 950 scabie
484 889 630 949 tenemus
653 905 786 969 ungues.

549 1015 632 1080 LXI.

133 1111 300 1198 Crispulus
322 1114 386 1178 istc
409 1113 480 1197 quis
503 1116 564 1197 est,
587 1113 680 1177 uxori
703 1132 829 1197 semper
852 1110 1008 1176 adhaeret

178 1201 254 1285 Qui,
276 1201 432 1285 Mariana,
455 1201 553 1265 tuae?
575 1201 735 1284 crispulus
758 1201 820 1283 iste
844 1199 915 1283 quis
940 1200 1014 1264 est?

134 1287 251 1354 Nescio
275 1290 351 1373 quid
374 1290 685 1371 dominaeteneram
704 1289 759 1373 qui
778 1289 882 1372 garrit
904 1289 939 1352 in
961 1309 1079 1352 aurem

178 1378 223 1442 Et
247 1379 361 1443 sellam
385 1379 492 1442 cubito
517 1378 694 1442 dexteriore
717 1376 858 1462 premit?

109 1466 198 1530 5Per
222 1467 311 1531 cuius
335 1466 454 1550 digitos
479 1468 578 1530 currit
601 1466 682 1531 levis
707 1464 821 1529 anulus
845 1485 970 1547 omnes,

179 1553 281 1620 Crura
304 1556 389 1640 gerit
410 1556 500 1619 nullo
525 1555 579 1638 qui
602 1555 724 1619 violata
746 1553 838 1639 pilo?

134 1641 190 1705 Nil
213 1642 294 1706 mihi
317 1643 513 1727 respondes?
547 1641 685 1725 „Uxoris
708 1663 759 1706 res
784 1638 872 1726 agit“
892 1641 1002 1724 inquis

177 1730 262 1813 „Iste
285 1730 402 1794 meae.“
438 1729 522 1794 Sane
545 1736 651 1794 certus
675 1734 708 1794 et
731 1751 824 1814 asper
845 1729 944 1794 homo
968 1733 1032 1813 est,

134 1818 381 1883 Procuratorem
404 1819 497 1883 vultu
521 1819 575 1902 qui
598 1820 760 1901 praeferat
782 1819 868 1901 ipso:

92 1920 124 1969 10
177 1906 293 1970 Acrior
314 1906 376 1971 hoc
399 1905 498 1971 Chius
521 1928 587 1970 non
611 1907 672 1969 erit
694 1906 850 1971 Aufidius.

135 1993 161 2059 Ο
186 2016 283 2077 quam
306 1995 422 2079 dignus
446 2017 518 2059 eras
542 1994 659 2079 alapis,
682 1993 837 2076 Mariana,
861 1992 984 2058 Latini:

177 2082 223 2146 Te
247 2105 466 2148 successurum
490 2083 583 2147 credo
607 2104 667 2168 ego
690 2082 877 2147 Panniculo.

133 2172 197 2236 Res
220 2172 329 2237 uxoris
353 2172 443 2256 agit?
466 2194 518 2236 res
541 2172 625 2236 ullas
649 2171 808 2257 crispulus
830 2169 915 2234 iste?
1018 2237 1021 2242 ,

176 2259 240 2324 Res
264 2282 330 2326 non
353 2261 475 2344 uxoris,
498 2283 549 2325 res
574 2261 644 2346 agit
666 2261 727 2324 iste
750 2262 832 2324 tuas

541 2401 642 2466 LXII.

133 2499 206 2563 Iure
229 2504 285 2565 tuo
308 2501 428 2565 nostris
452 2522 583 2564 maneas
606 2501 694 2583 licet,
717 2498 849 2583 hospes,
872 2498 907 2562 in
929 2496 1053 2583 hortis,

178 2588 213 2653 Si
236 2593 329 2672 potes
352 2591 386 2653 in
409 2589 494 2653 nudo
517 2610 636 2672 ponere
659 2588 804 2651 membra
826 2587 910 2667 solo,

133 2676 201 2740 Aut
225 2677 252 2740 si
274 2680 424 2760 portatur
446 2682 552 2741 tecum
575 2675 637 2740 tihi
660 2697 779 2760 magna
802 2674 959 2759 supellex:

178 2763 264 2826 Nam
288 2787 360 2828 mea
382 2766 448 2829 iarn
472 2764 610 2848 digitum
634 2763 766 2827 sustulit
786 2762 980 2846 hospitibus.

108 2851 234 2917 oNulla
252 2852 335 2936 tegit
352 2852 472 2916 fractos
494 2888 531 2898 —-
553 2873 612 2915 nec
630 2851 734 2916 inanis
752 2887 796 2897 -
815 2851 932 2916 culcita
951 2852 1071 2937 lectos,

177 2939 288 3003 Putris
311 2943 344 3003 et
367 2941 505 3023 abrupta
526 2939 628 3003 fascia
650 2944 734 3003 reste
757 2940 849 3004 iacet.
1029 3022 1031 3026 μ

134 3026 183 3091 Sit
206 3032 314 3091 tamen
338 3027 516 3113 hospitium
539 3028 633 3092 nobis
657 3049 825 3092 commune
848 3029 987 3093 duobus:

178 3116 253 3180 Emi
275 3116 403 3199 hortos3
426 3115 500 3200 plus
524 3120 586 3180 cst:
609 3117 733 3181 instrue
756 3121 806 3200 tu3
829 3117 934 3181 minus
958 3122 1018 3182 est.

133 3353 236 3434 „Quid
260 3353 380 3420 sentis“
401 3354 509 3439 inquis
532 3356 589 3438 „dc
612 3356 745 3438 nostris,
764 3354 885 3434 Marce,
908 3355 1076 3422 libellis?“

179 3441 231 3509 Sic
254 3465 305 3508 nra
329 3444 503 3527 sollicitus,
525 3442 673 3528 Pontice,
696 3466 789 3527 saepe
811 3466 918 3527 rogas.

133 3532 299 3616 Admiror,
322 3538 450 3618 stupeo:
472 3532 555 3596 nihil
579 3538 628 3597 est
650 3533 823 3618 perfectius
846 3533 926 3611 illis,

176 3620 250 3706 Ipse
273 3624 330 3686 tuo
354 3621 444 3686 cedet
465 3621 609 3705 Regulus
632 3621 771 3706 ingenio.

107 3708 223 3793 5„Hoc
247 3709 388 3775 sentis‘?“
410 3709 517 3794 inquis
541 3709 658 3792 „faciat
680 3710 741 3774 tihi
765 3711 810 3775 sic
832 3711 915 3774 hene
939 3708 1077 3797 Cacsar,

167 3795 225 3864 Sic
249 3796 455 3887 Capitolinus
478 3797 652 3884 Iuppiter.“
687 3798 793 3862 lrnmo
814 3800 888 3882 tihi.
1045 3814 1049 3821 ·
