2408 4132
338 321 635 378 EPIGRAMMATON
654 325 720 381 LlB.
738 326 786 381 IX.
997 329 1062 394 225

100 484 295 569 Aeripedem
319 485 410 549 silvis
434 507 575 569 cervam,
599 485 843 570 Stymphalidas
866 494 918 554 ast
904 491 964 555 tris

144 573 307 656 Abstulit,
330 573 433 638 abt
396 572 510 658 Stygia
533 597 604 639 cum
628 597 706 639 cane
728 579 816 641 venit
839 599 937 661 aqua,

98 661 280 726 Fecundam
298 623 406 726 'vetuit
429 664 573 745 reparari
596 667 683 728 mort
669 664 756 728 tibus
780 665 801 728 h
803 665 928 750 y,dram

58 767 90 815 10
144 749 319 834 Hesperias
343 749 447 815 Tusco
472 750 584 814 lavit
575 773 610 814 111
633 773 726 816 amne
748 752 856 818 boves.

98 838 187 903 Haec
211 840 317 903 minor
338 838 482 903 Alcides:
505 839 609 903 maior
632 862 713 924 quae
737 842 886 943 gesserit,
910 843 997 926 audi,

144 925 221 991 Sext
207 930 259 990 tus
283 926 324 990 ah
348 921 480 991 Albana
502 949 597 1010 quem
621 927 698 992 colit
720 950 794 993 arce
817 930 883 1013 lap
873 951 910 995 rs.

98 1014 254 1079 Adseruit
275 1035 426 1098 possessa
448 1014 544 1079 malis
567 1014 696 1080 Palatia
718 1017 840 1103 regnis,

142 1101 252 1167 Prima
275 1123 333 1168 suc
356 1103 460 1187 gessit
482 1124 541 1187 pro
564 1102 641 1169 Iove
663 1104 750 1169 bella
772 1127 865 1189 puer,

56 1207 88 1255 15
99 1189 193 1255 Solus
216 1191 323 1255 Iuleas
346 1212 419 1255 cum
441 1190 506 1254 iam
529 1192 681 1256 retineret
704 1192 860 1277 habenas,

143 1278 322 1344 Tradidit
313 1301 410 1362 mque
435 1301 492 1344 suo
516 1280 633 1343 tertius
657 1281 734 1346 orbe
757 1281 833 1366 fuit;

99 1365 228 1433 Cornua
251 1366 423 1432 Sarmatici
446 1371 497 1431 ter
519 1368 641 1451 perfida
664 1371 809 1435 contudit
831 1369 950 1454 Histri

143 1454 320 1520 Sudantem
343 1454 457 1520 Getica
479 1459 530 1520 ter
550 1457 625 1521 nive
648 1457 730 1522 lavit
715 1461 884 1544 tequam,

98 1542 201 1627 Saepe
223 1548 389 1609 recusatos
412 1566 529 1628 parcns
552 1545 681 1609 duxisse
704 1547 887 1631 triumphos

54 1648 87 1696 20
142 1632 257 1697 Victor
278 1630 489 1715 Hyperboreo
512 1655 630 1698 nomen
653 1634 695 1698 ab
718 1635 795 1700 orbe
817 1636 909 1720 tulit,

97 1701 233 1804 Templa
256 1719 337 1804 deis,
359 1742 466 1786 mores
478 1722 610 1806 ‚populo
634 1722 793 1807 dedit,t
758 1724 826 1789 otia
848 1724 948 1807 ferro,

142 1809 242 1873 Astra
266 1809 345 1890 suis,
368 1809 457 1873 caelo
481 1810 599 1892 sidera,
623 1815 710 1876 serta
732 1810 811 1878 Iovi.

96 1896 329 1962 Herculeumt
315 1898 417 1961 tantis
439 1919 559 1961 numen
580 1920 648 1963 non
671 1898 790 1964 sufficit
776 1901 908 1965 tactis:

142 1985 279 2069 Tarpeio
304 1984 381 2049 deus
403 1984 458 2049 hic
481 1986 663 2051 commodet
686 2009 742 2051 ora
764 1989 860 2072 patri.

523 2140 591 2208 ΟΠ.

96 2248 415 2335 Quadringentorum
438 2249 545 2313 reddis
568 2250 663 2330 mihi,
685 2248 830 2333 Phoebe,
852 2251 1004 2316 tabellas:

142 2336 277 2402 Centum
301 2338 342 2402 da
363 2337 473 2421 potius
496 2341 622 2421 mutua,
644 2336 788 2421 Phoebe,
811 2338 901 2403 mihi.

97 2426 221 2504 Quaere
245 2426 359 2509 alium,
382 2426 433 2490 cui
456 2428 488 2489 te
512 2431 579 2491 tam
602 2448 687 2491 vano
710 2448 841 2490 munere
864 2427 977 2492 iactes:

141 2513 233 2591 Quod
252 2515 314 2579 tibi
331 2536 398 2579 non
415 2535 549 2597 possum
569 2515 707 2598 solvere,
720 2514 863 2598 Phoebe,
878 2537 985 2581 meum
999 2521 1058 2584 est.

515 2671 598 2738 0111„

95 2778 185 2856 Quae
207 2800 292 2843 nova
314 2780 383 2842 tam
406 2777 527 2842 similes
546 2779 661 2864 genuit
677 2779 739 2843 tihi
757 2777 844 2844 Leda
867 2781 978 2845 minist
963 2781 1056 2846 tros?

140 2867 229 2943 Quae
253 2870 348 2950 capta
371 2869 421 2930 est
444 2867 508 2930 alio
531 2867 617 2931 nuda
640 2865 787 2932 Lacaena
810 2870 937 2955 cygno?

94 2955 162 3020 Dat
183 2954 300 3019 faciem
322 2953 437 3019 Pollux
459 2954 573 3038 Hiero,
597 2955 653 3020 dat
676 2954 754 3021 Cast
740 2961 792 3021 tor
814 2957 932 3040 Asyla,
1026 3038 1028 3044 Ι

138 3043 278 3125 Atque
269 3064 304 3106 m
316 3046 462 3126 utroque
485 3043 569 3107 nitet
592 3044 751 3128 Tyndaris
775 3066 829 3108 ore
853 3067 953 3110 soror.

68 3132 164 3197 olata
129 3131 454 3214 t'lherapnaeis
429 3153 457 3195 ει
479 3131 586 3196 forma
608 3132 723 3196 fuisset
744 3132 905 3216 Amyclis,

140 3219 222 3285 Cum
245 3219 349 3284 vicere
373 3219 451 3283 duas
476 3220 560 3284 dona
582 3220 708 3285 minora
730 3221 819 3303 deas,

93 3309 284 3389 Mansisses,
306 3305 444 3390 Helene,
466 3306 715 3393 Phrygiamque·
730 3308 866 3372 redisset
888 3309 922 3373 in
945 3308 1037 3373 Idam

139 3396 322 3462 Dardanius
346 3396 474 3482 gemino
498 3418 571 3461 cum
595 3395 780 3480 Ganymede
803 3396 905 3462 Paris.

471 3609 630 3619 ——u-
