2408 4132
91 299 157 364 258
417 295 455 351 Μ.
474 295 553 351 vnn.
572 293 769 348 MARTIALIS

135 461 237 525 Poma
261 459 345 544 quod
367 459 502 524 hiberna
525 455 775 522 maturescentia
798 478 907 540 capsa,

180 548 307 613 Arbore
330 547 415 631 quod
438 568 537 611 verna
559 545 743 610 luxuriosus
766 563 857 629 ager3

110 636 185 702 bDa
207 636 366 700 Palatinis
390 635 538 700 dominae
562 634 646 717 quod
671 631 778 698 Serica
800 633 922 716 prelis,¹

181 722 299 789 Sucina
321 723 468 808 virginea
491 721 576 806 quod
599 721 745 807 regelata
766 742 878 805 mauu3

138 813 304 897 Amphora
326 812 411 895 quod
433 810 533 896 nigri,
557 809 613 874 sed
635 810 753 894 longe,
767 807 873 873 fracta
894 806 1041 892 Falerni,

180 901 274 979 Quod
297 900 353 982 qui
376 897 519 964 Sicanias
544 898 665 963 detinet
687 896 801 962 hortus
823 916 915 980 apes3

138 988 231 1065 Quod
255 986 364 1052 Cosmi
386 987 532 1051 redolent
555 987 721 1050 alabastra
743 984 871 1068 focique
895 984 1042 1069 deorum,

94 1092 126 1141 10
182 1075 275 1152 Quod
297 1075 392 1140 modo
417 1074 571 1140 divitibus
594 1075 687 1157 lapsa
709 1094 828 1138 corona
851 1072 964 1138 comis:

138 1163 272 1250 Singula
296 1164 372 1248 quid
397 1163 523 1229 dicam?
545 1167 612 1226 non
634 1165 710 1226 sunt
731 1162 827 1245 ‘satis3
852 1161 961 1225 omnia
984 1159 1099 1226 misce:

179 1252 251 1317 Hoc
273 1251 423 1336 fragrant
444 1251 536 1335 pueri
559 1250 651 1315 basia
673 1271 767 1314 mane
791 1249 863 1314 mei.

137 1338 225 1405 Scire
248 1341 338 1424 cupis
361 1339 500 1404 nomen?
524 1339 553 1403 sl
575 1341 708 1424 propter
730 1339 836 1421 basia,
859 1336 973 1402 dicam.

179 1427 313 1492 Iurasti:
336 1427 471 1491 nimium
495 1428 589 1510 seire,
614 1425 744 1510 Sabine,
767 1426 867 1510 cupis.
983 1430 986 1439 “

567 1562 623 1631 ΙΧ.

138 1672 252 1738 Clarus
274 1671 388 1736 fronde
411 1671 511 1751 Iovis,
534 1667 672 1737 Romani
693 1671 782 1736 fama
805 1671 969 1758 cothurni,

182 1759 294 1845 Spirat
316 1760 452 1845 Apellea
474 1760 618 1824 redditus
642 1764 711 1825 arte
732 1760 866 1825 Memor.

578 1899 618 1965 X.

139 2007 286 2074 Contulit
307 2007 348 2071 ad
372 2011 500 2072 saturas
522 2006 668 2092 ingentia
690 2011 823 2091 pectora
845 2005 982 2072 Turnus.

183 2095 248 2161 Cur
269 2118 335 2160 non
359 2095 399 2160 ad
420 2095 574 2161 Memoris
598 2095 762 2160 carmina?
798 2093 912 2160 Frater
936 2105 1015 2161 erat

569 2235 624 2300 XI.

139 2342 247 2426 Tolle,
269 2362 361 2426 puer,
385 2342 500 2407 calices
523 2341 687 2426 tepidique
709 2344 890 2407 toreumata
912 2332 984 2407 Nili

183 2432 228 2494 Et
251 2431 331 2495 mihi
354 2451 464 2496 secura
485 2430 605 2516 pocula
626 2430 717 2494 trade
740 2450 838 2494 manu

140 2518 232 2582 Trita
254 2522 385 2601 patrum
407 2518 508 2584 labris
532 2522 564 2583 et
586 2522 683 2583 tonso
705 2539 787 2604 pura
810 2517 975 2606 ministro}

183 2606 346 2689 Antiquus
370 2609 490 2672 mensis
513 2607 704 2672 restituatur
719 2607 838 2691 honor.

113 2692 184 2757 sTe
207 2697 321 2775 potare
344 2693 435 2759 decet
458 2714 599 2780 gemma,
623 2697 677 2780 qui
699 2692 849 2761 Mentora
869 2693 997 2781 frangis

184 2778 224 2844 In
247 2781 414 2864 scaphium
436 2783 601 2867 moechae,
625 2782 868 2870 Sardanapalle,
890 2787 975 2848 tuae.

561 2923 633 2989 XII.

140 3028 195 3094 Ius
218 3028 280 3093 tibi
302 3029 454 3092 natorum
476 3029 528 3093 vel
551 3033 688 3115 septem,
712 3029 811 3115 Zoilo,
834 3032 940 3114 detur,

184 3116 271 3181 Dum
294 3119 430 3181 matrem
453 3137 547 3183 nemo
571 3118 625 3182 det
647 3119 723 3204 tibi,
745 3134 837 3184 nemo
860 3122 1000 3204 patrem.

553 3258 642 3324 XIII.

143 3363 294 3447 Quisquis
317 3363 511 3429 Flaminiam
534 3366 626 3447 teris,
650 3367 769 3450 viator,

141 3451 221 3517 Noli
242 3452 349 3516 nobile
371 3455 545 3537 praeterire
568 3476 717 3518 marmor.

141 3539 240 3605 Urbis
264 3540 398 3606 deficias
420 3542 567 3626 salesque
590 3541 673 3626 Nili,

125 3628 196 3694 Ars
220 3632 255 3696 et
277 3631 405 3721 gratia,
429 3633 521 3701 lusus
546 3634 580 3701 et
598 3631 816 3752 Q
