2408 4132
91 292 157 357 300
421 290 458 345 n.
477 289 557 344 van.
575 288 770 343 mmmmm
815 269 818 275 ’

545 450 643 516 LXV.

136 558 292 623 Formosa
313 557 439 642 Phyllis
461 560 556 622 nocte
578 578 652 621 cum
675 557 755 620 mihi
776 561 848 621 tota

138 644 179 711 Se
201 647 420 731 praestitisset
443 646 593 710 omnibus
616 646 721 709 modis
744 645 883 729 largam,

136 735 182 798 Et
205 735 383 820 cogitarem
406 755 500 798 mane
523 733 609 817 quod
631 733 740 799 darem
763 755 893 817 munus,

137 823 296 887 Utrumne
319 821 442 907 Cosmi,
465 820 627 887 Nicerotis
649 843 691 885 an
714 821 843 904 libram,

110 911 190 975 5An
212 911 417 974 Baeticarum
438 909 564 994 pondus
588 930 661 975 acre
682 909 844 991 lanarum,

136 998 190 1062 An
213 999 251 1062 dc
275 1002 405 1062 moneta
428 995 574 1062 Caesaris
597 998 705 1062 decem
728 997 844 1062 flavos:

137 1085 296 1170 Amplexa
318 1086 438 1152 collum
461 1087 615 1170 basioque
637 1089 708 1149 tam
730 1085 828 1170 longo

137 1174 301 1258 Blandita,
324 1197 421 1258 quam
444 1178 520 1239 sunt
542 1173 675 1258 nuptiae
700 1174 938 1258 columbarum,

136 1262 264 1348 Rogare
287 1263 393 1348 coepit
414 1262 542 1346 Phyllis
566 1263 755 1346 amphoram
778 1261 853 1327 vini

136 1508 193 1572 Bis
217 1507 456 1594 quinquagenis
475 1507 588 1572 domus
612 1507 745 1572 esttibi
767 1506 899 1571 milibus
923 1512 1055 1594 empta,

180 1594 327 1661 Vendere
350 1617 448 1679 quam
472 1617 596 1660 summa
618 1595 670 1659 vel
693 1595 839 1660 breviore
861 1595 963 1681 cupis.

136 1683 217 1748 Arte
240 1683 297 1748 sed
319 1686 497 1767 emptorem
519 1682 611 1748 vafra
634 1685 827 1768 corrumpis,
849 1683 1013 1769 Amoene,

180 1772 225 1836 Et
248 1792 323 1836 casa
346 1770 467 1836 divitiis
492 1771 663 1835 ambitiosa
685 1770 775 1836 latet.

111 1859 347 1925 oGemmantes
369 1859 475 1944 prima
496 1858 625 1944 fulgent
647 1860 808 1925 testudine
830 1858 920 1944 lecti,

181 1949 227 2013 Et
248 1947 442 2014 Maurusiaci
463 1947 607 2032 pondera
629 1970 704 2012 rara
727 1948 812 2030 citri3

137 2036 318 2122 Argentum
333 2040 429 2121 atquc
443 2058 557 2101 aurum
569 2058 635 2101 non
650 2036 786 2119 simplex
796 2032 956 2119 Delphica
972 2041 1109 2126 portat3

150 2182 152 2185 .
182 2123 278 2189 Stant
299 2127 404 2209 pueri,
428 2125 574 2189 dominos
598 2145 678 2209 quos
701 2146 812 2209 precer
834 2144 904 2187 esse
927 2145 1032 2191 meos.

137 2213 261 2277 Deinde
283 2214 420 2278 ducenta
443 2235 552 2294 sones,
576 2217 609 2276 et
632 2213 693 2295 ais,
715 2234 781 2276 non
804 2234 872 2275 esse
895 2211 1046 2280 minoris.

96 2317 128 2366 10
181 2301 376 2366 Instructam
399 2301 456 2366 vili
478 2299 604 2384 vendis,
626 2299 784 2384 Amoene,
807 2300 947 2364 domum.

528 2458 661 2526 LXVII.

137 2566 243 2630 Maiae
265 2565 459 2630 Mercurium
482 2568 614 2631 creastis
636 2564 727 2650 Idus,

137 2654 295 2738 Augustis
317 2652 401 2717 redit
423 2653 533 2718 Idibus
556 2652 674 2735 Diana,

139 2741 294 2805 Octobres
317 2739 408 2804 Maro
431 2743 631 2807 consecravit
652 2739 737 2805 Idus.

138 2829 213 2892 Idus
236 2849 331 2911 saepe
354 2828 442 2893 colas
466 2832 498 2892 et
520 2828 579 2893 has
604 2833 636 2892 et
657 2829 744 2912 illas,

112 2915 201 2992 acui
223 2915 334 3002 magni
357 2915 500 2981 celebras
521 2917 665 2981 Maronis
686 2915 772 2982 Idus.

522 3072 669 3140 LXVIH.

137 3180 298 3245 Matutine
321 3180 432 3264 eliens,
455 3181 545 3246 urbis
569 3181 651 3246 mihi
673 3204 770 3248 causa
792 3183 937 3269 relictae,

182 3270 289 3354 Atria,
313 3270 341 3334 si
364 3269 489 3354 sapias,
508 3270 682 3336 ambitiosa
703 3272 800 3336 colas.

136 3356 213 3423 Non
235 3380 307 3423 sum
331 3363 391 3443 ego
414 3358 606 3439 causidicus,
628 3368 686 3423 nec
710 3360 827 3425 amaris
850 3356 964 3426 litibus
988 3368 1106 3452 aptus,

182 3445 243 3511 Sed
265 3447 360 3532 piger
383 3450 415 3510 et
438 3446 545 3511 senior
567 3447 794 3533 Pieridumque
818 3470 937 3533 comes3

111 3533 213 3598 50tia
235 3556 286 3598 me
309 3557 503 3620 somnusque
524 3535 650 3616 iuvant,
674 3558 756 3620 quae
779 3557 899 3622 magna
920 3538 1060 3626 negavit

169 3621 281 3692 Roma
302 3623 401 3692 milri:
425 3624 539 3715 redeo,
561 3625 593 3693 si
611 3625 771 3714 vigilatur
793 3625 914 3688 ettilo.
