2408 4132
147 487 213 554 234
468 487 506 544 M.
525 486 607 542 Van.
626 483 826 540 Menelaus

589 647 708 714 XXIX„

191 738 296 814 Quam
319 737 398 802 mihi
420 738 573 803 mittebas
596 734 728 802 Saturni
750 739 894 819 tempore
913 735 1080 818 lancem,¹

234 825 355 889 Misisti
378 826 537 908 dominae,
561 823 748 908 Sextiliane,
770 827 859 908 tuaa3

192 911 237 977 Et
260 936 355 999 quam
379 914 521 978 donabas
545 913 639 978 dictis
663 935 683 977 a
704 912 809 977 Marte
831 909 999 994 Kalendis

234 1001 283 1066 De
306 1006 420 1066 nostra
441 1003 572 1086 prasina
595 1005 645 1067 est
668 1000 829 1085 synthesis
852 1002 961 1082 empta
981 1005 1074 1084 toga

166 1088 261 1154 alam
285 1094 432 1155 constare
455 1090 515 1154 tibi
539 1090 642 1175 gratis
665 1110 799 1174 coepere
820 1087 961 1172 puellae:

236 1177 425 1243 Muneribus
447 1177 562 1262 futuis,
585 1175 774 1261 Sextilium,
796 1176 885 1242 meis.

596 1279 688 1348 XXX

192 1370 218 1436 Ο
242 1374 440 1456 temperatae
464 1370 555 1436 dulce
578 1368 726 1437 Formiae
749 1369 842 1454 litus,

193 1460 275 1545 Vos,
299 1482 370 1524 cum
393 1460 496 1525 severi
518 1459 605 1546 fugit
627 1459 780 1544 oppidum
804 1456 918 1524 Martis

191 1548 237 1613 Et
259 1549 421 1632 inquietas
443 1549 547 1613 fessus
571 1550 659 1613 exuit
682 1569 788 1632 curas,

191 1636 389 1720 Apollinaris
414 1637 562 1701 omnibus
585 1637 664 1701 locis
687 1634 838 1721 praefert.

167 1724 268 1788 5Non
291 1724 346 1787 ille
370 1729 499 1789 sanctae
523 1723 615 1789 dulce
639 1724 741 1788 Tibur
764 1723 887 1804 uxoris,

192 1811 262 1877 Nec
285 1812 484 1877 Tusculanos
508 1811 684 1897 Algidosve
708 1833 865 1895 secessus,

193 1899 368 1965 Praeneste
390 1922 449 1964 nec
472 1900 519 1964 sie
541 1901 739 1984 Antiumque
762 1901 911 1983 miratur;

193 1987 268 2054 Non
290 1987 410 2053 blanda
433 1986 523 2054 Circe
546 1987 747 2053 Dardanisve
770 1986 883 2052 Caieta

193 2077 439 2159 Desiderantur,
462 2098 520 2141 nec
542 2076 665 2142 Marica
686 2098 746 2141 nec
767 2075 865 2159 Liris,

151 2164 262 2230 10Nec
284 2165 317 2229 in
339 2165 477 2230 Lucrina
501 2166 569 2230 lota
591 2164 747 2230 Salmacis
770 2186 861 2230 vena.

193 2253 256 2318 Hic
279 2275 405 2318 summa
427 2254 492 2319 leni
515 2254 685 2338 stringitur
707 2252 819 2317 Thetis
843 2254 951 2335 vent03

193 2342 262 2407 Nec
284 2342 416 2426 languet
440 2362 573 2428 aequor,
595 2344 671 2407 viva
694 2340 749 2406 sed
772 2341 861 2425 quies
884 2339 976 2425 ponti

193 2430 319 2496 Pictam
341 2430 498 2514 phaselon
520 2431 692 2495 adiuvante
714 2430 779 2493 fert
802 2450 891 2508 aura,

195 2518 285 2584 Sicut
306 2519 434 2603 puellae
456 2541 522 2584 non
545 2519 683 2583 amantis
707 2520 864 2582 aestatem

152 2619 184 2667 15
194 2606 286 2672 Mota
309 2607 438 2671 salubre
460 2630 604 2692 purpura
626 2607 714 2672 veuit
735 2606 848 2688 frigus.

194 2694 263 2759 Nec
286 2700 377 2759 saeta
399 2696 497 2781 longo
521 2694 648 2780 quaerit
669 2695 703 2759 in
726 2694 810 2758 mari
831 2692 1000 2778 praedam,

196 2781 257 2846 Sed
281 2804 297 2846 e
321 2782 445 2846 cubiclo
468 2783 650 2867 lectuloque
673 2784 826 2848 iactatam

196 2869 366 2955 Spectatus
390 2870 454 2934 alte
476 2870 594 2934 lineam
617 2871 720 2936 trahit
742 2871 848 2952 piscis.

196 2957 231 3022 Si
254 2956 380 3041 quando
403 2954 527 3022 Nereus
551 2959 651 3022 sentit
672 2957 768 3022 Aeoli
789 2979 937 3043 regnum,

152 3058 185 3106 20
195 3045 292 3110 Ridet
314 3045 473 3128 proeellas
495 3049 568 3110 tuta
591 3046 629 3110 de
653 3068 710 3111 suo
734 3068 858 3110 mensa:

195 3134 321 3198 Piscina
344 3133 517 3198 rhombum
540 3135 644 3218 pascit
668 3138 700 3198 et
721 3134 816 3218 lupos
838 3156 967 3215 vernas,

195 3222 298 3287 Natat
320 3221 361 3285 ad
384 3221 575 3306 magistrum
598 3222 734 3286 delicata
757 3240 925 3300 muraena,

195 3308 447 3393 Nomenculator
469 3311 624 3396 mugilem
647 3312 726 3375 citat
748 3317 874 3392 notum,

195 3399 240 3463 Et
263 3398 374 3463 adesse
397 3399 475 3464 iussi
499 3399 659 3484 prodeunt
683 3418 774 3463 senes
797 3398 898 3462 mulli.

152 3499 185 3549 25
196 3487 273 3552 Frui
296 3486 351 3551 sed
374 3487 447 3551 istis
471 3487 611 3571 quando,
634 3486 751 3571 Roma,
773 3485 960 3571 permittis?

196 3575 280 3651 Quot
301 3574 492 3651 Formianos
515 3577 655 3659 imputat
679 3575 746 3638 dies
771 3594 872 3640 annus

195 3663 383 3748 Negotiosis
406 3665 501 3728 rebus
524 3664 615 3728 urbis
637 3663 806 3729 haerenti?
846 3744 849 3749 Ι

194 3751 223 3816 0
241 3752 400 3817 ianitores
423 3752 573 3839 vilicique
594 3752 718 3818 felices!
758 3744 1035 3893 m

173 3838 335 3906 Dominis
356 3846 524 3930 parantur
546 3843 628 3932 ista,
650 3838 764 3910 servia
1035 3832 1066 3877 ⁹¹⁵
