2408 4132
143 444 187 509 30
473 444 510 499 M.
530 444 612 502 VAL.
631 445 831 500 minumus

574 607 718 672 LXXIX.
784 613 786 617 ’

116 730 127 810 (’
189 710 322 795 Semper
346 713 416 799 agis
441 735 554 777 causas
577 718 611 777 et
632 734 685 778 res
709 713 792 796 agis,
815 685 941 797 Aualeg
966 735 1106 796 semper:

115 810 119 859 ¹.
231 800 307 884 Est,
329 824 395 866 non
419 800 577 886 estquod
601 822 694 884 agas,
717 800 846 882 Attalo,
871 823 997 885 semper
1020 802 1102 888 agis.

116 862 137 965 11
189 887 298 952 Sires
322 895 355 953 et
378 911 492 953 causae
516 889 645 973 desunt,
668 889 753 974 ogis,
776 889 901 971 Attale,
925 890 1039 953 mulas.

231 977 356 1063 Attalo,
377 999 419 1042 ne
442 977 528 1062 quod
551 1000 631 1064 agas
656 976 752 1062 desit,
776 998 855 1062 agas
880 978 1030 1043 animam.

580 1135 708 1200 LXXX.

188 1240 355 1325 Sportula,
379 1239 479 1326 Cane,
501 1241 562 1306 tibi
586 1264 737 1326 suprema
758 1245 854 1306 nocte
876 1242 980 1326 petitu
1002 1245 1061 1306 est.

232 1328 356 1394 Occidit
378 1333 457 1413 puto
481 1333 528 1414 te,
552 1328 650 1408 cane,
675 1330 760 1415 quod
783 1352 847 1394 unu
869 1329 940 1395 fuit

571 1487 715 1554 LXXXI.

186 1595 216 1659 A
241 1617 333 1660 servo
357 1597 419 1660 scis
442 1600 475 1661 te
498 1595 644 1681 genitum
659 1595 847 1678 blandeque
869 1595 995 1678 fateris,

233 1681 313 1747 Cum
337 1684 416 1748 dicis
440 1685 619 1766 dominum,
644 1682 828 1765 Sosibione,
850 1687 984 1765 patrem.

564 1841 725 1906 LXXXII.

185 1945 274 2012 Haec
298 1969 380 2031 quae
402 1949 535 2031 pulvere
558 1948 717 2030 dissipata
739 1948 842 2012 multo

114 2039 135 2103 ’,
186 2035 316 2120 Longas
339 2037 648 2120 porticus-explicat
671 2037 795 2121 ruinas,

39 2192 43 2197 ,
130 2206 132 2211 Α
185 2124 238 2187 En
261 2128 382 2208 quanto
405 2125 490 2189 iacet
513 2125 664 2189 absoluto
687 2147 772 2189 casu.

130 2227 132 2233 ’
171 2211 292 2277 'Tectis
315 2235 391 2277 nam
415 2213 510 2277 modo
534 2212 678 2298 Regulus
702 2213 762 2277 sub
785 2211 850 2275 illis

60 2368 65 2393 1
99 2324 104 2336 “
131 2308 134 2312 “
160 2299 342 2366 oGestatus
365 2301 472 2367 fuerat
494 2305 748 2385 recesseratque:

186 2387 285 2453 Victa
307 2393 357 2454 est
380 2390 520 2473 pondere
544 2412 616 2454 cum
641 2411 697 2454 suo
721 2392 867 2472 repente,

185 2476 231 2541 Et
253 2482 428 2561 postquam
451 2479 581 2543 domino
604 2478 688 2541 nihil
710 2476 861 2558 timebat,

187 2563 304 2628 Securo
328 2568 394 2629 ruit
415 2567 584 2630 incruenta
607 2565 735 2629 damno.

185 2651 323 2734 Tantae,
346 2653 485 2738 Regule,
507 2656 584 2737 post
607 2656 730 2716 metum
753 2652 916 2735 querellae

81 2773 82 2776 ¹
144 2755 175 2803 10
188 2738 268 2814 Quis
292 2761 401 2803 curam
423 2748 523 2824 neget
545 2762 614 2804 esse
637 2743 671 2804 te
694 2740 840 2819 deorum,

129 2878 136 2919 ·;
185 2826 323 2913 Propter
347 2849 441 2910 quem
463 2828 527 2891 fuit
550 2829 703 2892 innocens
726 2827 840 2890 ruina?

555 2983 732 3049 LXXXIII.

187 3091 231 3154 Os
255 3095 288 3154 et
310 3090 403 3154 labra
424 3090 487 3154 tibi
509 3089 619 3174 lingit,
642 3089 784 3175 Maneia,
807 3091 954 3156 catellus:

230 3178 307 3244 Non
329 3179 443 3263 miror,
466 3177 591 3243 merdas
616 3178 644 3242 si
666 3178 747 3242 libet
770 3200 839 3243 esse
863 3179 942 3243 cani.

555 3317 732 3383 LXXXIV.

185 3426 328 3493 Uxorem
350 3425 531 3491 habendam
554 3447 621 3489 non
643 3428 739 3510 putat
763 3424 952 3510 Quirinalis,

187 3513 269 3580 Cum
290 3515 371 3580 velit
392 3515 512 3579 habere
535 3514 634 3592 filios,
657 3517 690 3577 et
713 3513 837 3577 invenit

187 3604 257 3680 Quo
280 3605 385 3688 possit
407 3603 495 3667 istud
517 3624 623 3667 more:
646 3600 747 3665 futuit
770 3602 913 3690 ancillas

185 3692 389 3776 Domumque
404 3689 445 3757 ¹st
468 3712 564 3776 agros
586 3691 702 3774 implet
725 3689 887 3772 equitibus
909 3688 1027 3754 vernis.

147 3781 279 3843 sPater
297 3781 446 3847 familiae
470 3803 564 3848 verus
588 3782 638 3844 est
662 3776 846 3857 Quirinalis.
