<?xml version="1.0" encoding="UTF-8"?>
<!DOCTYPE html PUBLIC "-//W3C//DTD XHTML 1.0 Transitional//EN"
    "http://www.w3.org/TR/xhtml1/DTD/xhtml1-transitional.dtd">
<html xmlns="http://www.w3.org/1999/xhtml" xml:lang="en" lang="en">
 <head>
  <title>
</title>
<meta http-equiv="Content-Type" content="text/html;charset=utf-8" />
  <meta name='ocr-system' content='tesseract 3.04.00' />
  <meta name='ocr-capabilities' content='ocr_page ocr_carea ocr_par ocr_line ocrx_word'/>
</head>
<body>
  <div class='ocr_page' id='page_1' title='image "./mvaleriimartial00gilbgoog/mvaleriimartial00gilbgoog_0108.png"; bbox 0 0 2408 4132; ppageno 0'>
   <div class='ocr_carea' id='block_1_1' title="bbox 128 327 1086 771">
    <p class='ocr_par' dir='ltr' id='par_1_1' title="bbox 128 327 1086 771">
     <span class='ocr_line' id='line_1_1' title="bbox 362 327 1086 396; baseline -0.003 -10"><span class='ocrx_word' id='word_1_1' title='bbox 362 327 659 386; x_wconf 79' lang='lat' dir='ltr'><strong>EPIGRAMMATON</strong></span> <span class='ocrx_word' id='word_1_2' title='bbox 678 329 744 384; x_wconf 89' lang='lat' dir='ltr'>LIB.</span> <span class='ocrx_word' id='word_1_3' title='bbox 763 329 810 386; x_wconf 90' lang='lat' dir='ltr'><strong>III.</strong></span> <span class='ocrx_word' id='word_1_4' title='bbox 1047 332 1086 396; x_wconf 86' lang='lat'><strong>61</strong></span> 
     </span>
     <span class='ocr_line' id='line_1_2' title="bbox 558 445 617 555; baseline 0 0"><span class='ocrx_word' id='word_1_5' title='bbox 558 445 617 555; x_wconf 80' lang='lat' dir='ltr'><strong>rir.</strong></span> 
     </span>
     <span class='ocr_line' id='line_1_3' title="bbox 128 596 943 683; baseline 0.002 -22"><span class='ocrx_word' id='word_1_6' title='bbox 128 596 332 678; x_wconf 82' lang='lat' dir='ltr'><strong>[Formosam</strong></span> <span class='ocrx_word' id='word_1_7' title='bbox 354 596 470 660; x_wconf 85' lang='lat' dir='ltr'><strong>faciem</strong></span> <span class='ocrx_word' id='word_1_8' title='bbox 494 598 587 681; x_wconf 86' lang='lat' dir='ltr'><strong>nigro</strong></span> <span class='ocrx_word' id='word_1_9' title='bbox 611 597 821 663; x_wconf 79' lang='lat' dir='ltr'><strong>medicamine</strong></span> <span class='ocrx_word' id='word_1_10' title='bbox 844 600 943 683; x_wconf 77' lang='lat' dir='ltr'><strong>celae,</strong></span> 
     </span>
     <span class='ocr_line' id='line_1_4' title="bbox 173 683 903 771; baseline 0 -21"><span class='ocrx_word' id='word_1_11' title='bbox 173 683 236 750; x_wconf 86' lang='lat' dir='ltr'><strong>Sed</strong></span> <span class='ocrx_word' id='word_1_12' title='bbox 257 706 324 748; x_wconf 87' lang='lat' dir='ltr'><strong>non</strong></span> <span class='ocrx_word' id='word_1_13' title='bbox 345 684 488 749; x_wconf 88' lang='lat' dir='ltr'><strong>formoso</strong></span> <span class='ocrx_word' id='word_1_14' title='bbox 511 706 645 770; x_wconf 90' lang='lat' dir='ltr'><strong>corpore</strong></span> <span class='ocrx_word' id='word_1_15' title='bbox 667 685 769 750; x_wconf 89' lang='lat' dir='ltr'><strong>laedis</strong></span> <span class='ocrx_word' id='word_1_16' title='bbox 793 709 903 771; x_wconf 77' lang='lat' dir='ltr'><strong>aquae.</strong></span> 
     </span>
    </p>
   </div>
   <div class='ocr_carea' id='block_1_2' title="bbox 127 772 967 969">
    <p class='ocr_par' dir='ltr' id='par_1_2' title="bbox 127 772 967 969">
     <span class='ocr_line' id='line_1_5' title="bbox 127 772 967 856; baseline -0.001 -16"><span class='ocrx_word' id='word_1_17' title='bbox 127 774 237 856; x_wconf 82' lang='lat' dir='ltr'>Ipsam</span> <span class='ocrx_word' id='word_1_18' title='bbox 261 773 353 838; x_wconf 86' lang='lat' dir='ltr'><strong>erede</strong></span> <span class='ocrx_word' id='word_1_19' title='bbox 377 772 469 837; x_wconf 89' lang='lat' dir='ltr'><strong>deam</strong></span> <span class='ocrx_word' id='word_1_20' title='bbox 491 774 600 838; x_wconf 89' lang='lat' dir='ltr'><strong>verbis</strong></span> <span class='ocrx_word' id='word_1_21' title='bbox 623 774 684 838; x_wconf 91' lang='lat' dir='ltr'><strong>tibi</strong></span> <span class='ocrx_word' id='word_1_22' title='bbox 707 775 810 839; x_wconf 84' lang='lat' dir='ltr'>dicere</span> <span class='ocrx_word' id='word_1_23' title='bbox 833 776 967 840; x_wconf 87' lang='lat' dir='ltr'><strong>nostris:</strong></span> 
     </span>
     <span class='ocr_line' id='line_1_6' title="bbox 155 860 908 969; baseline -0.017 -33"><span class='ocrx_word' id='word_1_24' title='bbox 155 860 260 945; x_wconf 53' lang='lat' dir='ltr'><strong>„Aut</strong></span> <span class='ocrx_word' id='word_1_25' title='bbox 282 861 372 944; x_wconf 87' lang='lat' dir='ltr'><strong>aperi</strong></span> <span class='ocrx_word' id='word_1_26' title='bbox 394 861 524 946; x_wconf 90' lang='lat' dir='ltr'><strong>faciem,</strong></span> <span class='ocrx_word' id='word_1_27' title='bbox 547 865 603 969; x_wconf 76' lang='lat' dir='ltr'><strong>aut</strong></span> <span class='ocrx_word' id='word_1_28' title='bbox 624 863 772 927; x_wconf 91' lang='lat' dir='ltr'><strong>tunicata</strong></span> <span class='ocrx_word' id='word_1_29' title='bbox 794 863 908 944; x_wconf 86' lang='lat' dir='ltr'><strong>lava.“]</strong></span> 
     </span>
    </p>
   </div>
   <div class='ocr_carea' id='block_1_3' title="bbox 559 1002 616 1067">
    <p class='ocr_par' dir='ltr' id='par_1_3' title="bbox 559 1002 616 1067">
     <span class='ocr_line' id='line_1_7' title="bbox 559 1002 616 1067; baseline 0.018 -1"><span class='ocrx_word' id='word_1_30' title='bbox 559 1002 616 1067; x_wconf 89' lang='lat' dir='ltr'><strong>IV.</strong></span> 
     </span>
    </p>
   </div>
   <div class='ocr_carea' id='block_1_4' title="bbox 102 1108 1056 1808">
    <p class='ocr_par' dir='ltr' id='par_1_4' title="bbox 128 1108 1013 1281">
     <span class='ocr_line' id='line_1_8' title="bbox 128 1108 1013 1194; baseline 0 -20"><span class='ocrx_word' id='word_1_31' title='bbox 128 1109 270 1174; x_wconf 81' lang='lat' dir='ltr'><strong>Romam</strong></span> <span class='ocrx_word' id='word_1_32' title='bbox 292 1108 387 1191; x_wconf 86' lang='lat' dir='ltr'><strong>vade,</strong></span> <span class='ocrx_word' id='word_1_33' title='bbox 409 1108 503 1172; x_wconf 90' lang='lat' dir='ltr'><strong>liber:</strong></span> <span class='ocrx_word' id='word_1_34' title='bbox 528 1108 569 1190; x_wconf 88' lang='lat' dir='ltr'><strong>si,</strong></span> <span class='ocrx_word' id='word_1_35' title='bbox 592 1110 716 1173; x_wconf 86' lang='lat' dir='ltr'><strong>veneris</strong></span> <span class='ocrx_word' id='word_1_36' title='bbox 739 1110 836 1193; x_wconf 89' lang='lat' dir='ltr'><strong>unde,</strong></span> <span class='ocrx_word' id='word_1_37' title='bbox 859 1109 1013 1194; x_wconf 73' lang='lat' dir='ltr'><strong>requiret,</strong></span> 
     </span>
     <span class='ocr_line' id='line_1_9' title="bbox 171 1196 761 1281; baseline -0.002 -19"><span class='ocrx_word' id='word_1_38' title='bbox 171 1196 332 1262; x_wconf 80' lang='lat' dir='ltr'><strong>Aemiliae</strong></span> <span class='ocrx_word' id='word_1_39' title='bbox 357 1196 441 1260; x_wconf 88' lang='lat' dir='ltr'><strong>dices</strong></span> <span class='ocrx_word' id='word_1_40' title='bbox 466 1196 503 1260; x_wconf 89' lang='lat' dir='ltr'><strong>de</strong></span> <span class='ocrx_word' id='word_1_41' title='bbox 525 1198 657 1281; x_wconf 84' lang='lat' dir='ltr'><strong>regione</strong></span> <span class='ocrx_word' id='word_1_42' title='bbox 680 1197 761 1262; x_wconf 86' lang='lat' dir='ltr'><strong>viae.</strong></span> 
     </span>
    </p>

    <p class='ocr_par' dir='ltr' id='par_1_5' title="bbox 130 1284 1056 1439">
     <span class='ocr_line' id='line_1_10' title="bbox 130 1284 1056 1371; baseline 0 -20"><span class='ocrx_word' id='word_1_43' title='bbox 130 1284 181 1369; x_wconf 84' lang='lat' dir='ltr'><strong>Si,</strong></span> <span class='ocrx_word' id='word_1_44' title='bbox 204 1285 319 1369; x_wconf 89' lang='lat' dir='ltr'><strong>quibus</strong></span> <span class='ocrx_word' id='word_1_45' title='bbox 342 1285 375 1348; x_wconf 90' lang='lat' dir='ltr'><strong>in</strong></span> <span class='ocrx_word' id='word_1_46' title='bbox 398 1284 507 1368; x_wconf 90' lang='lat' dir='ltr'><strong>terris,</strong></span> <span class='ocrx_word' id='word_1_47' title='bbox 530 1307 594 1368; x_wconf 91' lang='lat' dir='ltr'><strong>qua</strong></span> <span class='ocrx_word' id='word_1_48' title='bbox 617 1284 717 1350; x_wconf 90' lang='lat' dir='ltr'><strong>simus</strong></span> <span class='ocrx_word' id='word_1_49' title='bbox 741 1286 775 1350; x_wconf 91' lang='lat' dir='ltr'><strong>in</strong></span> <span class='ocrx_word' id='word_1_50' title='bbox 798 1286 893 1369; x_wconf 91' lang='lat' dir='ltr'><strong>urbe,</strong></span> <span class='ocrx_word' id='word_1_51' title='bbox 917 1286 1056 1371; x_wconf 83' lang='lat' dir='ltr'><strong>rogabit,</strong></span> 
     </span>
     <span class='ocr_line' id='line_1_11' title="bbox 173 1371 829 1439; baseline 0 -1"><span class='ocrx_word' id='word_1_52' title='bbox 173 1371 303 1438; x_wconf 78' lang='lat' dir='ltr'><strong>Corneli</strong></span> <span class='ocrx_word' id='word_1_53' title='bbox 324 1371 445 1437; x_wconf 87' lang='lat' dir='ltr'><strong>referas</strong></span> <span class='ocrx_word' id='word_1_54' title='bbox 468 1394 519 1436; x_wconf 92' lang='lat' dir='ltr'><strong>me</strong></span> <span class='ocrx_word' id='word_1_55' title='bbox 542 1373 620 1438; x_wconf 88' lang='lat' dir='ltr'><strong>licet</strong></span> <span class='ocrx_word' id='word_1_56' title='bbox 643 1395 712 1438; x_wconf 91' lang='lat' dir='ltr'><strong>esse</strong></span> <span class='ocrx_word' id='word_1_57' title='bbox 734 1372 829 1439; x_wconf 84' lang='lat' dir='ltr'><strong>Foro.</strong></span> 
     </span>
    </p>

    <p class='ocr_par' dir='ltr' id='par_1_6' title="bbox 102 1461 996 1544">
     <span class='ocr_line' id='line_1_12' title="bbox 102 1461 996 1544; baseline 0 -18"><span class='ocrx_word' id='word_1_58' title='bbox 102 1461 195 1526; x_wconf 76' lang='lat' dir='ltr'><strong>uOur</strong></span> <span class='ocrx_word' id='word_1_59' title='bbox 218 1461 337 1544; x_wconf 89' lang='lat' dir='ltr'><strong>absim,</strong></span> <span class='ocrx_word' id='word_1_60' title='bbox 361 1464 507 1544; x_wconf 85' lang='lat' dir='ltr'><strong>quaeret:</strong></span> <span class='ocrx_word' id='word_1_61' title='bbox 530 1461 672 1526; x_wconf 81' lang='lat' dir='ltr'><strong>breviter</strong></span> <span class='ocrx_word' id='word_1_62' title='bbox 693 1465 730 1526; x_wconf 90' lang='lat' dir='ltr'><strong>tu</strong></span> <span class='ocrx_word' id='word_1_63' title='bbox 753 1463 857 1527; x_wconf 88' lang='lat' dir='ltr'><strong>multa</strong></span> <span class='ocrx_word' id='word_1_64' title='bbox 880 1461 996 1526; x_wconf 88' lang='lat' dir='ltr'><strong>fatere:</strong></span> 
     </span>
    </p>

    <p class='ocr_par' dir='ltr' id='par_1_7' title="bbox 148 1548 922 1635">
     <span class='ocr_line' id='line_1_13' title="bbox 148 1548 922 1635; baseline 0 -20"><span class='ocrx_word' id='word_1_65' title='bbox 148 1629 149 1632; x_wconf 8' lang='grc' dir='ltr'><strong>Ἴ</strong></span> <span class='ocrx_word' id='word_1_66' title='bbox 173 1548 266 1633; x_wconf 85' lang='lat' dir='ltr'><strong>„Non</strong></span> <span class='ocrx_word' id='word_1_67' title='bbox 289 1552 418 1635; x_wconf 89' lang='lat' dir='ltr'><strong>poterat</strong></span> <span class='ocrx_word' id='word_1_68' title='bbox 440 1571 541 1613; x_wconf 84' lang='lat' dir='ltr'><strong>vanae</strong></span> <span class='ocrx_word' id='word_1_69' title='bbox 563 1549 671 1614; x_wconf 87' lang='lat' dir='ltr'><strong>taedia</strong></span> <span class='ocrx_word' id='word_1_70' title='bbox 693 1549 777 1614; x_wconf 86' lang='lat' dir='ltr'><strong>ferre</strong></span> <span class='ocrx_word' id='word_1_71' title='bbox 798 1552 922 1635; x_wconf 85' lang='lat' dir='ltr'><strong>togae.“</strong></span> 
     </span>
    </p>

    <p class='ocr_par' dir='ltr' id='par_1_8' title="bbox 127 1636 1018 1808">
     <span class='ocr_line' id='line_1_14' title="bbox 127 1636 1018 1724; baseline 0.001 -23"><span class='ocrx_word' id='word_1_72' title='bbox 127 1636 282 1724; x_wconf 82' lang='lat' dir='ltr'><strong>„Quando</strong></span> <span class='ocrx_word' id='word_1_73' title='bbox 304 1636 433 1703; x_wconf 84' lang='lat' dir='ltr'><strong>venit‘?“</strong></span> <span class='ocrx_word' id='word_1_74' title='bbox 457 1637 554 1703; x_wconf 88' lang='lat' dir='ltr'><strong>dicet:</strong></span> <span class='ocrx_word' id='word_1_75' title='bbox 578 1649 612 1703; x_wconf 86' lang='lat' dir='ltr'><strong>tu</strong></span> <span class='ocrx_word' id='word_1_76' title='bbox 634 1639 842 1721; x_wconf 88' lang='lat' dir='ltr'><strong>respondeto:</strong></span> <span class='ocrx_word' id='word_1_77' title='bbox 865 1638 983 1721; x_wconf 84' lang='lat' dir='ltr'><strong>„Poeta</strong></span> <span class='ocrx_word' id='word_1_78' title='bbox 1010 1670 1018 1690; x_wconf 21' lang='lat'><strong>¹·</strong></span> 
     </span>
     <span class='ocr_line' id='line_1_15' title="bbox 172 1726 907 1808; baseline 0.001 -18"><span class='ocrx_word' id='word_1_79' title='bbox 172 1726 318 1791; x_wconf 77' lang='lat' dir='ltr'><strong>Exierat:</strong></span> <span class='ocrx_word' id='word_1_80' title='bbox 340 1726 461 1808; x_wconf 84' lang='lat' dir='ltr'><strong>veniet,</strong></span> <span class='ocrx_word' id='word_1_81' title='bbox 484 1748 556 1790; x_wconf 90' lang='lat' dir='ltr'><strong>cum</strong></span> <span class='ocrx_word' id='word_1_82' title='bbox 580 1726 784 1791; x_wconf 87' lang='lat' dir='ltr'><strong>citharoedus</strong></span> <span class='ocrx_word' id='word_1_83' title='bbox 808 1727 907 1802; x_wconf 20' lang='lat' dir='ltr'><strong>eritf‘l</strong></span> 
     </span>
    </p>
   </div>
   <div class='ocr_carea' id='block_1_5' title="bbox 570 1882 609 1949">
    <p class='ocr_par' dir='ltr' id='par_1_9' title="bbox 570 1882 609 1949">
     <span class='ocr_line' id='line_1_16' title="bbox 570 1882 609 1949; baseline 0 0"><span class='ocrx_word' id='word_1_84' title='bbox 570 1882 609 1949; x_wconf 91' lang='lat' dir='ltr'><strong>V.</strong></span> 
     </span>
    </p>
   </div>
   <div class='ocr_carea' id='block_1_6' title="bbox 85 1989 1188 3045">
    <p class='ocr_par' dir='ltr' id='par_1_10' title="bbox 102 1989 1188 2427">
     <span class='ocr_line' id='line_1_17' title="bbox 128 1989 976 2074; baseline 0.001 -20"><span class='ocrx_word' id='word_1_85' title='bbox 128 1990 187 2055; x_wconf 93' lang='lat' dir='ltr'><strong>Vis</strong></span> <span class='ocrx_word' id='word_1_86' title='bbox 211 1989 430 2055; x_wconf 86' lang='lat' dir='ltr'><strong>commendari</strong></span> <span class='ocrx_word' id='word_1_87' title='bbox 453 1990 521 2054; x_wconf 87' lang='lat' dir='ltr'><strong>sine</strong></span> <span class='ocrx_word' id='word_1_88' title='bbox 544 2011 596 2054; x_wconf 86' lang='lat' dir='ltr'><strong>me</strong></span> <span class='ocrx_word' id='word_1_89' title='bbox 620 2011 770 2055; x_wconf 85' lang='lat' dir='ltr'><strong>cursurus</strong></span> <span class='ocrx_word' id='word_1_90' title='bbox 792 1991 826 2055; x_wconf 90' lang='lat' dir='ltr'><strong>in</strong></span> <span class='ocrx_word' id='word_1_91' title='bbox 849 1992 976 2074; x_wconf 89' lang='lat' dir='ltr'><strong>urbem,</strong></span> 
     </span>
     <span class='ocr_line' id='line_1_18' title="bbox 173 2078 922 2160; baseline 0 -17"><span class='ocrx_word' id='word_1_92' title='bbox 173 2079 276 2143; x_wconf 86' lang='lat' dir='ltr'><strong>Parve</strong></span> <span class='ocrx_word' id='word_1_93' title='bbox 298 2078 395 2160; x_wconf 91' lang='lat' dir='ltr'><strong>liber,</strong></span> <span class='ocrx_word' id='word_1_94' title='bbox 417 2078 543 2160; x_wconf 91' lang='lat' dir='ltr'><strong>multis,</strong></span> <span class='ocrx_word' id='word_1_95' title='bbox 566 2099 607 2142; x_wconf 89' lang='lat' dir='ltr'><strong>an</strong></span> <span class='ocrx_word' id='word_1_96' title='bbox 630 2080 709 2143; x_wconf 88' lang='lat' dir='ltr'><strong>satis</strong></span> <span class='ocrx_word' id='word_1_97' title='bbox 732 2100 814 2143; x_wconf 85' lang='lat' dir='ltr'><strong>unus</strong></span> <span class='ocrx_word' id='word_1_98' title='bbox 839 2079 922 2143; x_wconf 81' lang='lat' dir='ltr'><strong>erit?</strong></span> 
     </span>
     <span class='ocr_line' id='line_1_19' title="bbox 128 2165 1188 2252; baseline 0.002 -21"><span class='ocrx_word' id='word_1_99' title='bbox 128 2166 221 2232; x_wconf 89' lang='lat' dir='ltr'><strong>Unus</strong></span> <span class='ocrx_word' id='word_1_100' title='bbox 245 2166 319 2250; x_wconf 90' lang='lat' dir='ltr'><strong>erit,</strong></span> <span class='ocrx_word' id='word_1_101' title='bbox 342 2165 550 2249; x_wconf 88' lang='lat' dir='ltr'><strong>mihicrede,</strong></span> <span class='ocrx_word' id='word_1_102' title='bbox 573 2167 666 2250; x_wconf 87' lang='lat' dir='ltr'><strong>satis,</strong></span> <span class='ocrx_word' id='word_1_103' title='bbox 688 2167 739 2232; x_wconf 88' lang='lat' dir='ltr'><strong>cui</strong></span> <span class='ocrx_word' id='word_1_104' title='bbox 760 2188 826 2231; x_wconf 90' lang='lat' dir='ltr'><strong>non</strong></span> <span class='ocrx_word' id='word_1_105' title='bbox 850 2168 913 2230; x_wconf 88' lang='lat' dir='ltr'><strong>eris</strong></span> <span class='ocrx_word' id='word_1_106' title='bbox 936 2167 1068 2252; x_wconf 71' lang='lat' dir='ltr'><strong>hospeS,</strong></span> <span class='ocrx_word' id='word_1_107' title='bbox 1186 2204 1188 2211; x_wconf 47' lang='lat'><strong>⁴</strong></span> 
     </span>
     <span class='ocr_line' id='line_1_20' title="bbox 172 2253 971 2346; baseline -0.001 -27"><span class='ocrx_word' id='word_1_108' title='bbox 172 2255 288 2339; x_wconf 90' lang='lat' dir='ltr'><strong>Iulius,</strong></span> <span class='ocrx_word' id='word_1_109' title='bbox 312 2253 477 2319; x_wconf 88' lang='lat' dir='ltr'><strong>assiduum</strong></span> <span class='ocrx_word' id='word_1_110' title='bbox 500 2274 619 2342; x_wconf 88' lang='lat' dir='ltr'><strong>nomen</strong></span> <span class='ocrx_word' id='word_1_111' title='bbox 641 2255 676 2318; x_wconf 89' lang='lat' dir='ltr'><strong>in</strong></span> <span class='ocrx_word' id='word_1_112' title='bbox 699 2275 753 2319; x_wconf 91' lang='lat' dir='ltr'><strong>ore</strong></span> <span class='ocrx_word' id='word_1_113' title='bbox 776 2275 858 2319; x_wconf 84' lang='lat' dir='ltr'><strong>meo.</strong></span> <span class='ocrx_word' id='word_1_114' title='bbox 964 2332 971 2346; x_wconf 76' lang='lat'>.</span> 
     </span>
     <span class='ocr_line' id='line_1_21' title="bbox 102 2341 1038 2427; baseline -0.002 -17"><span class='ocrx_word' id='word_1_115' title='bbox 102 2342 282 2410; x_wconf 78' lang='lat' dir='ltr'><strong>uProtinus</strong></span> <span class='ocrx_word' id='word_1_116' title='bbox 305 2343 391 2407; x_wconf 86' lang='lat' dir='ltr'><strong>hune</strong></span> <span class='ocrx_word' id='word_1_117' title='bbox 414 2341 538 2426; x_wconf 87' lang='lat' dir='ltr'><strong>primae</strong></span> <span class='ocrx_word' id='word_1_118' title='bbox 561 2363 695 2427; x_wconf 82' lang='lat' dir='ltr'><strong>quaeres</strong></span> <span class='ocrx_word' id='word_1_119' title='bbox 719 2343 753 2406; x_wconf 92' lang='lat' dir='ltr'><strong>in</strong></span> <span class='ocrx_word' id='word_1_120' title='bbox 775 2343 888 2406; x_wconf 87' lang='lat' dir='ltr'><strong>limine</strong></span> <span class='ocrx_word' id='word_1_121' title='bbox 906 2342 1038 2408; x_wconf 77' lang='lat' dir='ltr'><strong>Tectae:</strong></span> 
     </span>
    </p>

    <p class='ocr_par' dir='ltr' id='par_1_11' title="bbox 85 2429 1027 3045">
     <span class='ocr_line' id='line_1_22' title="bbox 174 2429 1027 2516; baseline -0.001 -22"><span class='ocrx_word' id='word_1_122' title='bbox 174 2431 262 2507; x_wconf 81' lang='lat' dir='ltr'><strong>Quos</strong></span> <span class='ocrx_word' id='word_1_123' title='bbox 286 2431 392 2495; x_wconf 88' lang='lat' dir='ltr'><strong>tenuit</strong></span> <span class='ocrx_word' id='word_1_124' title='bbox 414 2429 576 2516; x_wconf 88' lang='lat' dir='ltr'><strong>Daphnis,</strong></span> <span class='ocrx_word' id='word_1_125' title='bbox 598 2451 682 2494; x_wconf 88' lang='lat' dir='ltr'><strong>nunc</strong></span> <span class='ocrx_word' id='word_1_126' title='bbox 705 2434 793 2495; x_wconf 91' lang='lat' dir='ltr'><strong>tenet</strong></span> <span class='ocrx_word' id='word_1_127' title='bbox 816 2431 872 2494; x_wconf 87' lang='lat' dir='ltr'><strong>ille</strong></span> <span class='ocrx_word' id='word_1_128' title='bbox 894 2431 987 2495; x_wconf 91' lang='lat' dir='ltr'><strong>lares.</strong></span> <span class='ocrx_word' id='word_1_129' title='bbox 1025 2504 1027 2509; x_wconf 23' lang='lat'><strong>¹</strong></span> 
     </span>
     <span class='ocr_line' id='line_1_23' title="bbox 129 2518 993 2604; baseline 0.001 -22"><span class='ocrx_word' id='word_1_130' title='bbox 129 2518 191 2583; x_wconf 82' lang='lat' dir='ltr'><strong>Est</strong></span> <span class='ocrx_word' id='word_1_131' title='bbox 213 2519 263 2583; x_wconf 91' lang='lat' dir='ltr'><strong>illi</strong></span> <span class='ocrx_word' id='word_1_132' title='bbox 286 2519 438 2602; x_wconf 89' lang='lat' dir='ltr'><strong>coniunx,</strong></span> <span class='ocrx_word' id='word_1_133' title='bbox 461 2540 541 2602; x_wconf 89' lang='lat' dir='ltr'><strong>quae</strong></span> <span class='ocrx_word' id='word_1_134' title='bbox 563 2522 597 2583; x_wconf 90' lang='lat' dir='ltr'><strong>te</strong></span> <span class='ocrx_word' id='word_1_135' title='bbox 620 2519 833 2604; x_wconf 85' lang='lat' dir='ltr'><strong>manibusque</strong></span> <span class='ocrx_word' id='word_1_136' title='bbox 857 2520 993 2603; x_wconf 87' lang='lat' dir='ltr'><strong>sinuque</strong></span> 
     </span>
     <span class='ocr_line' id='line_1_24' title="bbox 173 2606 825 2692; baseline 0 -21"><span class='ocrx_word' id='word_1_137' title='bbox 173 2607 335 2692; x_wconf 75' lang='lat' dir='ltr'><strong>Excipiet,</strong></span> <span class='ocrx_word' id='word_1_138' title='bbox 358 2609 395 2671; x_wconf 91' lang='lat' dir='ltr'><strong>tu</strong></span> <span class='ocrx_word' id='word_1_139' title='bbox 417 2607 470 2671; x_wconf 84' lang='lat' dir='ltr'><strong>vel</strong></span> <span class='ocrx_word' id='word_1_140' title='bbox 492 2606 737 2690; x_wconf 82' lang='lat' dir='ltr'><strong>pulverulentus</strong></span> <span class='ocrx_word' id='word_1_141' title='bbox 760 2628 825 2671; x_wconf 84' lang='lat' dir='ltr'><strong>eas.</strong></span> 
     </span>
     <span class='ocr_line' id='line_1_25' title="bbox 129 2694 1002 2780; baseline 0 -20"><span class='ocrx_word' id='word_1_142' title='bbox 129 2694 200 2760; x_wconf 91' lang='lat' dir='ltr'><strong>Hos</strong></span> <span class='ocrx_word' id='word_1_143' title='bbox 222 2697 260 2758; x_wconf 85' lang='lat' dir='ltr'><strong>tu</strong></span> <span class='ocrx_word' id='word_1_144' title='bbox 283 2717 340 2759; x_wconf 90' lang='lat' dir='ltr'><strong>seu</strong></span> <span class='ocrx_word' id='word_1_145' title='bbox 362 2695 485 2780; x_wconf 88' lang='lat' dir='ltr'><strong>pariter</strong></span> <span class='ocrx_word' id='word_1_146' title='bbox 507 2696 574 2760; x_wconf 86' lang='lat' dir='ltr'><strong>sive</strong></span> <span class='ocrx_word' id='word_1_147' title='bbox 596 2695 683 2760; x_wconf 89' lang='lat' dir='ltr'><strong>hauc</strong></span> <span class='ocrx_word' id='word_1_148' title='bbox 704 2695 838 2760; x_wconf 85' lang='lat' dir='ltr'><strong>illumve</strong></span> <span class='ocrx_word' id='word_1_149' title='bbox 860 2695 1002 2779; x_wconf 88' lang='lat' dir='ltr'><strong>priorem</strong></span> 
     </span>
     <span class='ocr_line' id='line_1_26' title="bbox 85 2782 963 2869; baseline -0.002 -19"><span class='ocrx_word' id='word_1_150' title='bbox 85 2802 120 2850; x_wconf 87' lang='lat'><strong>10</strong></span> <span class='ocrx_word' id='word_1_151' title='bbox 174 2783 315 2867; x_wconf 88' lang='lat' dir='ltr'><strong>Videris,</strong></span> <span class='ocrx_word' id='word_1_152' title='bbox 338 2782 401 2848; x_wconf 90' lang='lat' dir='ltr'><strong>hoc</strong></span> <span class='ocrx_word' id='word_1_153' title='bbox 423 2783 509 2848; x_wconf 89' lang='lat' dir='ltr'><strong>dices</strong></span> <span class='ocrx_word' id='word_1_154' title='bbox 531 2783 679 2868; x_wconf 87' lang='lat' dir='ltr'><strong>„Marcus</strong></span> <span class='ocrx_word' id='word_1_155' title='bbox 702 2785 820 2849; x_wconf 84' lang='lat' dir='ltr'><strong>havere</strong></span> <span class='ocrx_word' id='word_1_156' title='bbox 843 2784 963 2869; x_wconf 86' lang='lat' dir='ltr'><strong>iubet,“</strong></span> 
     </span>
     <span class='ocr_line' id='line_1_27' title="bbox 129 2872 1006 2957; baseline 0.001 -20"><span class='ocrx_word' id='word_1_157' title='bbox 129 2872 174 2937; x_wconf 82' lang='lat' dir='ltr'><strong>Et</strong></span> <span class='ocrx_word' id='word_1_158' title='bbox 197 2872 277 2936; x_wconf 91' lang='lat' dir='ltr'><strong>satis</strong></span> <span class='ocrx_word' id='word_1_159' title='bbox 300 2874 364 2936; x_wconf 91' lang='lat' dir='ltr'><strong>est:</strong></span> <span class='ocrx_word' id='word_1_160' title='bbox 387 2872 468 2936; x_wconf 87' lang='lat' dir='ltr'><strong>alios</strong></span> <span class='ocrx_word' id='word_1_161' title='bbox 492 2872 694 2937; x_wconf 90' lang='lat' dir='ltr'><strong>commendet</strong></span> <span class='ocrx_word' id='word_1_162' title='bbox 717 2872 869 2956; x_wconf 87' lang='lat' dir='ltr'><strong>epistola:</strong></span> <span class='ocrx_word' id='word_1_163' title='bbox 892 2877 1006 2957; x_wconf 86' lang='lat' dir='ltr'><strong>peccat</strong></span> 
     </span>
     <span class='ocr_line' id='line_1_28' title="bbox 174 2960 914 3045; baseline 0.003 -22"><span class='ocrx_word' id='word_1_164' title='bbox 174 2960 237 3036; x_wconf 81' lang='lat' dir='ltr'><strong>Qui</strong></span> <span class='ocrx_word' id='word_1_165' title='bbox 260 2960 547 3025; x_wconf 89' lang='lat' dir='ltr'><strong>commendandum</strong></span> <span class='ocrx_word' id='word_1_166' title='bbox 571 2983 604 3026; x_wconf 86' lang='lat' dir='ltr'><strong>se</strong></span> <span class='ocrx_word' id='word_1_167' title='bbox 626 2964 721 3045; x_wconf 89' lang='lat' dir='ltr'><strong>putat</strong></span> <span class='ocrx_word' id='word_1_168' title='bbox 745 2982 814 3025; x_wconf 90' lang='lat' dir='ltr'><strong>esse</strong></span> <span class='ocrx_word' id='word_1_169' title='bbox 838 2960 914 3026; x_wconf 86' lang='lat' dir='ltr'><strong>suis.</strong></span> 
     </span>
    </p>
   </div>
   <div class='ocr_carea' id='block_1_7' title="bbox 562 3118 618 3184">
    <p class='ocr_par' dir='ltr' id='par_1_12' title="bbox 562 3118 618 3184">
     <span class='ocr_line' id='line_1_29' title="bbox 562 3118 618 3184; baseline -0.018 0"><span class='ocrx_word' id='word_1_170' title='bbox 562 3118 618 3184; x_wconf 88' lang='lat' dir='ltr'><strong>VI.</strong></span> 
     </span>
    </p>
   </div>
   <div class='ocr_carea' id='block_1_8' title="bbox 92 3224 958 3758">
    <p class='ocr_par' dir='ltr' id='par_1_13' title="bbox 92 3224 958 3758">
     <span class='ocr_line' id='line_1_30' title="bbox 92 3224 949 3308; baseline 0 -18"><span class='ocrx_word' id='word_1_171' title='bbox 92 3227 94 3229; x_wconf 72' lang='grc'><strong>’</strong></span> <span class='ocrx_word' id='word_1_172' title='bbox 130 3225 199 3290; x_wconf 86' lang='lat' dir='ltr'><strong>Lux</strong></span> <span class='ocrx_word' id='word_1_173' title='bbox 222 3225 283 3289; x_wconf 89' lang='lat' dir='ltr'><strong>tibi</strong></span> <span class='ocrx_word' id='word_1_174' title='bbox 304 3229 380 3308; x_wconf 91' lang='lat' dir='ltr'><strong>post</strong></span> <span class='ocrx_word' id='word_1_175' title='bbox 401 3224 478 3290; x_wconf 85' lang='lat' dir='ltr'><strong>Idus</strong></span> <span class='ocrx_word' id='word_1_176' title='bbox 501 3229 688 3290; x_wconf 88' lang='lat' dir='ltr'><strong>numeratur</strong></span> <span class='ocrx_word' id='word_1_177' title='bbox 711 3225 809 3290; x_wconf 87' lang='lat' dir='ltr'><strong>tertia</strong></span> <span class='ocrx_word' id='word_1_178' title='bbox 832 3224 949 3308; x_wconf 85' lang='lat' dir='ltr'><strong>Maias,</strong></span> 
     </span>
     <span class='ocr_line' id='line_1_31' title="bbox 173 3313 878 3398; baseline 0 -21"><span class='ocrx_word' id='word_1_179' title='bbox 173 3313 371 3398; x_wconf 86' lang='lat' dir='ltr'><strong>Marcelline,</strong></span> <span class='ocrx_word' id='word_1_180' title='bbox 394 3314 459 3378; x_wconf 89' lang='lat' dir='ltr'><strong>tuis</strong></span> <span class='ocrx_word' id='word_1_181' title='bbox 483 3313 533 3379; x_wconf 85' lang='lat' dir='ltr'><strong>bis</strong></span> <span class='ocrx_word' id='word_1_182' title='bbox 556 3314 747 3379; x_wconf 88' lang='lat' dir='ltr'><strong>celebranda</strong></span> <span class='ocrx_word' id='word_1_183' title='bbox 770 3315 878 3378; x_wconf 86' lang='lat' dir='ltr'><strong>sacris.</strong></span> 
     </span>
     <span class='ocr_line' id='line_1_32' title="bbox 128 3401 958 3487; baseline -0.002 -21"><span class='ocrx_word' id='word_1_184' title='bbox 128 3402 273 3486; x_wconf 84' lang='lat' dir='ltr'><strong>Imputat</strong></span> <span class='ocrx_word' id='word_1_185' title='bbox 295 3401 454 3466; x_wconf 87' lang='lat' dir='ltr'><strong>aetherios</strong></span> <span class='ocrx_word' id='word_1_186' title='bbox 478 3409 568 3466; x_wconf 90' lang='lat' dir='ltr'><strong>ortus</strong></span> <span class='ocrx_word' id='word_1_187' title='bbox 590 3402 670 3467; x_wconf 89' lang='lat' dir='ltr'><strong>haec</strong></span> <span class='ocrx_word' id='word_1_188' title='bbox 692 3402 797 3487; x_wconf 88' lang='lat' dir='ltr'><strong>prima</strong></span> <span class='ocrx_word' id='word_1_189' title='bbox 818 3403 958 3487; x_wconf 88' lang='lat' dir='ltr'><strong>parenti,</strong></span> 
     </span>
     <span class='ocr_line' id='line_1_33' title="bbox 173 3489 888 3575; baseline 0 -21"><span class='ocrx_word' id='word_1_190' title='bbox 173 3491 271 3555; x_wconf 89' lang='lat' dir='ltr'><strong>Libat</strong></span> <span class='ocrx_word' id='word_1_191' title='bbox 293 3489 444 3554; x_wconf 85' lang='lat' dir='ltr'><strong>florentes</strong></span> <span class='ocrx_word' id='word_1_192' title='bbox 467 3490 546 3554; x_wconf 89' lang='lat' dir='ltr'><strong>haec</strong></span> <span class='ocrx_word' id='word_1_193' title='bbox 568 3491 629 3556; x_wconf 92' lang='lat' dir='ltr'><strong>tibi</strong></span> <span class='ocrx_word' id='word_1_194' title='bbox 651 3491 757 3575; x_wconf 89' lang='lat' dir='ltr'><strong>prima</strong></span> <span class='ocrx_word' id='word_1_195' title='bbox 779 3511 888 3575; x_wconf 81' lang='lat' dir='ltr'><strong>genae.</strong></span> 
     </span>
     <span class='ocr_line' id='line_1_34' title="bbox 102 3577 949 3662; baseline -0.001 -19"><span class='ocrx_word' id='word_1_196' title='bbox 102 3577 249 3662; x_wconf 73' lang='lat' dir='ltr'><strong>tMagna</strong></span> <span class='ocrx_word' id='word_1_197' title='bbox 271 3579 347 3642; x_wconf 90' lang='lat' dir='ltr'><strong>licet</strong></span> <span class='ocrx_word' id='word_1_198' title='bbox 370 3578 493 3643; x_wconf 89' lang='lat' dir='ltr'><strong>dederit</strong></span> <span class='ocrx_word' id='word_1_199' title='bbox 514 3579 669 3643; x_wconf 88' lang='lat' dir='ltr'><strong>iucundae</strong></span> <span class='ocrx_word' id='word_1_200' title='bbox 692 3600 827 3644; x_wconf 90' lang='lat' dir='ltr'><strong>munera</strong></span> <span class='ocrx_word' id='word_1_201' title='bbox 848 3579 949 3660; x_wconf 82' lang='lat' dir='ltr'><strong>vitae,</strong></span> 
     </span>
     <span class='ocr_line' id='line_1_35' title="bbox 173 3666 935 3758; baseline -0.003 -28"><span class='ocrx_word' id='word_1_202' title='bbox 173 3666 251 3731; x_wconf 88' lang='lat' dir='ltr'><strong>Plus</strong></span> <span class='ocrx_word' id='word_1_203' title='bbox 273 3687 439 3754; x_wconf 86' lang='lat' dir='ltr'><strong>nunquam</strong></span> <span class='ocrx_word' id='word_1_204' title='bbox 460 3666 550 3754; x_wconf 88' lang='lat' dir='ltr'><strong>patri</strong></span> <span class='ocrx_word' id='word_1_205' title='bbox 572 3667 745 3758; x_wconf 71' lang='lat' dir='ltr'><strong>praestitit</strong></span> <span class='ocrx_word' id='word_1_206' title='bbox 763 3667 828 3734; x_wconf 77' lang='lat' dir='ltr'><strong>ille</strong></span> <span class='ocrx_word' id='word_1_207' title='bbox 850 3667 935 3731; x_wconf 70' lang='lat' dir='ltr'><strong>drea.</strong></span> 
     </span>
    </p>
   </div>
   <div class='ocr_carea' id='block_1_9' title="bbox 0 0 1208 4132">
    <p class='ocr_par' dir='ltr' id='par_1_14' title="bbox 0 0 1208 4132">
     <span class='ocr_line' id='line_1_36' title="bbox 0 0 1208 4132; baseline 0 0"><span class='ocrx_word' id='word_1_208' title='bbox 0 0 1208 4132; x_wconf 95' lang='lat' dir='ltr'><strong> </strong></span> 
     </span>
    </p>
   </div>
  </div>
 </body>
</html>
