2408 4132
96 453 140 517 22
424 452 461 506 M.
483 451 560 507 VAL.
578 451 774 506 MARTIALIS

115 614 256 679 oTutior
278 614 312 677 in
336 615 406 679 sola
427 636 494 678 non
517 617 567 678 est
590 611 671 678 cum¹
686 615 786 679 currit
809 615 944 698 harena,

185 701 253 766 Nec
276 723 373 766 eavea
395 705 489 765 tanta
511 701 660 766 conditur
682 703 738 765 ille
761 703 832 767 fide.

142 789 175 854 Si
198 791 301 854 vitare
325 812 439 853 canum
463 811 603 872 morsus,
626 790 717 874 lepus
741 791 900 873 improbe,
923 793 1050 874 quaeris
1058 845 1068 876 ,

184 877 237 942 Ad
260 899 340 963 quae
364 877 531 962 confugias
556 900 613 942 ora
635 879 739 942 leonis
761 879 871 944 habes.

11 1074 77 1205 „t
544 1106 657 1171 xum

29 1202 130 1319 *Ab*
140 1230 201 1295 Vir
224 1229 394 1295 Celtiberis
417 1252 483 1294 non
505 1230 639 1294 tacende
663 1230 814 1315 gentibus

185 1317 388 1402 Nostraeque
411 1319 482 1382 laus
505 1317 696 1401 Hispaniae,

140 1406 274 1470 Videbis
298 1408 410 1488 altam,
432 1405 610 1488 Liciniano,
632 1405 782 1489 Bilbilin,

183 1495 286 1579 Equis
310 1498 343 1558 et
366 1494 464 1558 armis
488 1495 647 1572 nobilem,

115 1580 319 1666 cSencmque
342 1581 458 1646 Gaium
479 1577 622 1664 nivibus,
646 1586 678 1645 et
700 1583 811 1648 fractis
836 1605 961 1648 sacrum

183 1669 428 1736 Vadaveronem
452 1672 630 1754 montibus,

42 1839 44 1844 7
140 1760 186 1823 Et
210 1759 341 1823 delicati
364 1759 454 1824 dulce
477 1757 610 1823 Boterdi
631 1753 760 1842 nemus,

183 1846 330 1912 Pomona
352 1847 438 1930 quod
460 1846 539 1910 felix
563 1851 658 1910 amat.

141 1935 256 2020 Tepidi
278 1935 408 1999 natabis
432 1936 503 1998 lene
526 1932 670 2020 Congedi
692 1935 810 2000 vadum

98 2038 131 2086 10
185 2023 365 2106 Mollesque
388 2021 614 2107 Nympharum
637 2024 739 2105 lacus,

143 2111 264 2188 Quibus
287 2111 457 2176 remissum
480 2133 595 2195 corpus
618 2110 779 2197 astringas
802 2112 892 2176 brevi

185 2197 316 2280 Salona,
340 2201 395 2283 qui
416 2199 539 2264 ferrum
563 2200 659 2284 gelat

140 2287 325 2353 Praestabit
348 2288 414 2352 illic
437 2289 508 2371 ipsa
530 2288 676 2372 figendas
698 2310 808 2373 prope>

184 2375 334 2442 Vobesoa
356 2376 527 2458 prandenti
549 2376 643 2440 feras.

99 2466 261 2529 15Aestus
285 2486 414 2529 serenos
438 2486 535 2528 aureo
558 2464 689 2549 franges
712 2463 803 2550 Tago

185 2553 348 2616 Obscurus
372 2552 496 2615 umbris
520 2552 687 2635 arbornm3
758 2603 760 2607 ,

139 2638 279 2703 Avidam
301 2639 411 2725 rigens
435 2639 603 2704 Dercenna
624 2640 769 2722 placabit
792 2640 880 2704 sitim

184 2728 230 2791 Et
253 2725 379 2810 Nutha,
403 2748 484 2810 quae
506 2727 607 2791 vincit
629 2727 727 2792 nives.

140 2813 187 2878 At
210 2836 283 2879 cum
305 2813 482 2879 December
504 2835 602 2878 canus
623 2820 658 2896 et
681 2817 797 2881 bruma
816 2816 982 2900 ‘impotens
1062 2846 1065 2851 ·

97 2919 131 2967 20
184 2901 346 2986 Aquilone
368 2924 465 2966 rauco
488 2901 624 2987 mugiet,

140 2990 262 3075 Aprica
283 2993 409 3073 repetes
432 2988 623 3055 Tarraconis
646 2991 745 3056 litora

184 3079 350 3161 Tuamque
372 3076 582 3142 Laletaniam.

141 3167 195 3231 Ibi
216 3166 370 3250 inligatas
393 3166 546 3230 mollibus
569 3167 714 3232 dammas
737 3167 846 3254 plagis

185 3254 344 3319 Mactabis
368 3259 401 3319 et
423 3277 539 3319 vernas
563 3277 659 3339 apros

97 3359 131 3407 25
141 3343 361 3427 Leporemque
382 3342 462 3407 forti
485 3343 636 3407 callidum
658 3365 788 3428 rumpes
812 3366 906 3429 equo,

186 3429 305 3496 Cervos
329 3430 490 3514 relinques
514 3432 617 3497 vilico.

140 3517 257 3584 Vicina
279 3519 314 3582 in
336 3519 443 3603 ipsum
465 3521 549 3585 silva
572 3520 742 3584 descendet
763 3519 871 3586 focum

185 3607 313 3671 Infante
337 3607 476 3673 cinctum
500 3607 638 3674 sordide.
709 3656 711 3660 ψ

141 3694 321 3761 Vocabitur
343 3699 478 3762 venator
500 3702 534 3761 et
555 3697 661 3761 veniet
683 3696 744 3761 tibi

80 3797 121 3842 30
177 3782 326 3849 Conviva
349 3785 512 3852 clamatus
534 3808 645 3874 prope.
902 3822 1028 3887 ‚ffl
1071 3870 1074 3875 .
