2408 4132
130 427 194 492 150
455 427 492 482 Μ.
512 426 594 484 VAL.
613 426 810 482 Manrmms

172 589 275 665 Quam
297 590 349 655 vel
373 589 413 653 ad
438 590 573 654 Aetolae
596 611 742 654 securam
766 588 906 673 cuspidis
930 589 1014 654 ictus

215 678 331 743 Texuit
353 678 513 742 innumeri
535 678 677 742 lubricus
700 678 817 762 unguis
841 677 925 761 apri:

145 765 262 830 cFelix
285 770 372 831 sorte
395 770 464 850 tua,
488 788 615 831 sacrum
637 766 689 830 eui
711 768 846 850 tangere
868 769 982 848 pectus

214 853 277 919 Fas
301 854 363 919 erit
386 858 419 919 et
440 855 547 919 nostri
569 859 677 918 mente
700 854 803 918 calere
827 853 886 917 dei.

170 942 186 1005 Ι
209 964 315 1007 comes
339 947 372 1006 et
394 964 530 1028 magnos
553 942 677 1006 inlaesa
699 964 821 1007 merere
844 941 1029 1025 triumphos

213 1031 444 1114 Palmataeque
468 1031 594 1114 ducem,
618 1030 674 1095 sed
696 1030 775 1114 cito,
797 1030 894 1094 redde
916 1032 1024 1116 togae.

50 1290 53 1299 '
83 1223 107 1263 x
171 1276 234 1343 Our
256 1300 323 1342 non
345 1278 440 1342 mitto
464 1299 552 1341 meos
576 1169 659 1358 diiii.
673 1277 869 1362 Pantiliane,
892 1277 1046 1343 libellos?

214 1364 264 1429 Ne
287 1366 368 1431 mihi
391 1369 426 1431 tu
449 1366 574 1449 mittas,
596 1365 793 1449 Pontiliane,
816 1369 900 1431 tuos.

600 1505 656 1572 IV.

170 1611 279 1693 Esset,
303 1610 460 1694 Castrice,
484 1634 556 1676 cum
579 1613 657 1677 mali
680 1611 814 1696 coloris,

169 1697 291 1763 Versus
315 1700 452 1764 scribere
476 1696 583 1783 coepit
606 1700 781 1784 Oppianus.

609 1838 649 1905 V.

170 1945 204 2009 Si
227 1945 432 2030 desiderium,
456 1943 587 2030 Caesar,
608 1945 784 2030 populique
807 1949 1001 2032 patrumque

213 2033 359 2118 Respicis
383 2039 416 2099 et
438 2033 551 2099 Latiae
575 2034 693 2118 gaudia
715 2057 792 2100 vera
814 2038 925 2120 togae,

169 2121 277 2187 Redde
302 2122 396 2187 deum
418 2124 504 2188 votis
527 2123 746 2208 poscentibus.
782 2121 910 2188 Invidet
932 2125 1020 2190 hosti

104 2274 106 2278 ,
213 2211 316 2276 Roma
340 2234 411 2295 suo,
434 2211 544 2276 veniat
565 2212 679 2276 laurea
701 2208 805 2275 multa
827 2211 917 2276 licet:

144 2300 341 2365 tTerrarum
365 2299 530 2364 dominum
552 2300 685 2384 propius
708 2299 797 2364 videt
819 2299 888 2384 ille,
911 2304 1032 2385 tuoque

213 2388 365 2454 Terretur
387 2389 480 2454 vultu
503 2389 661 2453 barbarus
685 2391 718 2452 et
740 2388 868 2453 fruitur.

599 2529 655 2594 VI.

168 2635 294 2718 Ecquid
315 2633 534 2719 Hyperboreis
558 2635 598 2698 ad
621 2657 680 2700 nos
704 2657 877 2701 conversus
902 2636 943 2701 ab
967 2636 1031 2702 oris

149 2740 151 2745 “
213 2724 375 2787 Ausonias
399 2721 519 2787 Caesar
542 2723 608 2787 iam
630 2727 725 2807 parat
748 2725 794 2788 ire
817 2725 911 2790 vias?

170 2809 285 2875 Certus
308 2811 401 2874 abest
424 2813 548 2894 auctor,
572 2811 628 2874 sed
650 2834 713 2877 vox
735 2812 797 2878 hoc
818 2813 949 2878 nuntiat
970 2815 1090 2880 omnis:

213 2897 316 2962 Credo
339 2897 412 2979 tibi,
435 2919 547 2962 verum
569 2897 686 2982 dicere,
707 2897 822 2985 Fama,
846 2903 938 2966 soles.

143 2986 305 3052 cPubliea
328 2985 475 3050 victrices
499 2988 661 3051 testantur
684 2989 801 3073 gaudia
824 2989 970 3074 chartae,

212 3073 329 3138 Martia
352 3073 515 3156 laurigera
537 3074 668 3159 cuspide
690 3077 758 3160 pila
780 3077 895 3143 virent.

169 3163 307 3246 Rursus,
329 3161 375 3245 ic,
399 3181 535 3246 magnos
559 3163 681 3229 clamat
702 3165 765 3229 tibi
787 3165 893 3229 Roma
914 3165 1099 3252 triumphos

212 3251 442 3333 Invrcrosque
465 3253 536 3332 tua,
558 3248 692 3334 Caesar,
714 3255 752 3335 in¹
771 3254 850 3318 urbe
874 3275 979 3319 sonas.

144 3384 145 3387 κ
171 3338 233 3404 Sed
256 3338 321 3402 iam
344 3337 490 3402 laetitiae
514 3360 576 3422 quo
601 3340 645 3405 sit
666 3340 783 3406 fiducia
806 3343 923 3426 maior,

127 3443 159 3492 10
214 3424 411 3492 Sarmaticae
433 3427 542 3491 laurus
564 3428 698 3495 nuntius
720 3429 790 3513 ipse
814 3431 895 3494 vani.

590 3568 664 3633 VII.

169 3639 314 3739 Hiberna
337 3675 483 3758 quamvis
506 3674 625 3741 Aretes
650 3681 682 3740 et
705 3676 793 3740 rudis
817 3677 921 3743 Peuce
1008 3718 1025 3755 ,
1055 3662 1082 3697 ³¹
1129 3662 1180 3717 “²''-

160 3763 210 3826 Et
232 3763 430 3859 ungularum
451 3763 601 3851 pulsibus
625 3765 734 3832 calens
756 3764 869 3830 Hister
