2408 4132
391 313 766 381 EPIGRAMMATONLIB.
785 316 807 372 Ι.
1056 317 1099 381 15

139 474 196 542 Bis
219 478 285 541 iam
307 499 409 560 paene
432 477 493 541 tibi
516 478 629 541 consul
653 476 835 542 tricesimus
858 478 973 558 instat,

182 563 228 627 Et
249 569 398 628 numerat
419 587 539 648 paucos
560 565 615 628 vix
637 569 696 629 tua
717 565 787 629 vita
808 566 885 631 dies.

111 650 212 716 eNon
235 652 316 716 bene
339 653 503 716 distuleris
527 653 637 717 videas
661 675 742 737 quae
764 675 859 736 posse
881 657 1008 740 negari,

181 739 227 804 Et
250 741 356 804 solum
379 740 441 804 hoc
463 741 574 823 ducac,
598 741 683 825 quod
704 741 780 824 fuit,
803 764 872 805 esse
895 747 995 807 tuum.

138 827 324 908 Expectant
346 850 502 912 curaeque
525 830 729 912 catenatique
752 829 894 914 labores,

183 913 308 979 Gaudia
329 938 395 980 non
416 921 597 998 remanent,
620 917 676 980 sed
698 917 837 1002 fugitiva
859 918 981 983 volant.

137 1002 227 1067 Haec
249 1008 384 1088 utraque
407 1027 504 1068 manu
528 1006 759 1089 complexuque
782 1027 888 1069 assere
910 1009 997 1069 toto:

95 1107 126 1154 ιο
181 1088 283 1176 Saepe
305 1092 409 1156 fluunt
432 1094 497 1156 imo
521 1094 567 1157 sic
591 1115 718 1177 quoque
740 1094 833 1176 lapsa
855 1093 936 1159 sinu.

136 1177 212 1243 Non
234 1184 296 1261 est,
320 1181 412 1244 crede
435 1181 527 1262 mihi,
551 1181 706 1264 sapientis
730 1181 832 1245 dicere
855 1180 1022 1262 ,‚Vivam“:

181 1264 260 1332 Sera
280 1268 378 1332 nimis
400 1269 469 1333 vita
492 1273 542 1332 est
564 1269 718 1334 crastina:
741 1268 813 1333 vive
836 1268 940 1333 hodie.

551 1399 639 1466 XVI.

136 1494 218 1559 Sunt
236 1496 334 1577 bona,
349 1501 425 1562 sunt
439 1498 595 1582 quaedam
610 1498 796 1579 mediocria,
811 1502 886 1562 sunt
899 1499 986 1562 mala
1000 1494 1091 1582 plura

180 1581 267 1658 Quae
290 1584 373 1669 legis
396 1585 463 1650 hio:
487 1586 672 1657 aliternon
693 1585 745 1669 fit,
767 1587 878 1664 Ante,
901 1587 991 1651 liber.

135 1811 234 1898 Cogit
255 1835 307 1877 me
330 1813 422 1879 Titus
447 1714 720 1879 actitalevllusas
836 1802 846 1812 A
975 1858 1006 1895 „a

134 1900 181 1964 Et
204 1900 281 1965 dicit
303 1901 384 1965 mihi
408 1923 504 1982 saepe
524 1901 666 1987 „Magna
687 1924 739 1966 res
762 1902 840 1968 est.“

135 1987 200 2052 Res
222 2009 342 2074 magna
363 1993 425 2067 est,
448 1988 534 2072 Tite,
559 1992 657 2074 quarn
678 1989 758 2054 facit
781 1992 924 2056 colonus.

532 2119 652 2185 XVIII.

137 2215 220 2292 Quid
242 2221 289 2300 te,
311 2216 430 2300 Tucca,
454 2218 545 2281 iuvat
567 2217 677 2281 vetulo
701 2219 835 2282 miscere
857 2217 994 2283 Falerno

179 2303 219 2368 In
240 2303 407 2369 Vaticanis
430 2305 562 2369 condita
584 2308 692 2369 musta
714 2306 825 2370 cadis?

135 2391 220 2467 Quid
237 2396 368 2457 tantum
391 2393 494 2457 fecere
517 2394 596 2457 boni
616 2394 679 2457 tibi
700 2394 841 2477 pessima
863 2393 960 2458 vina?

179 2479 248 2544 Aut
270 2481 347 2565 quid
368 2480 513 2545 fecerunt
537 2479 659 2564 optima
681 2482 758 2545 vina
781 2482 881 2546 mali?

110 2568 184 2632 sDe
207 2569 302 2632 nobis
324 2568 420 2634 facile
443 2573 507 2653 est,
530 2568 633 2634 scelus
657 2573 707 2632 est
729 2570 876 2653 iugulare
898 2569 1071 2636 Falernum

179 2656 226 2720 Et
248 2657 325 2720 dare
348 2655 513 2740 Campano
536 2657 644 2721 toxica
667 2679 762 2722 saeva
777 2659 884 2723 mero.
931 2669 934 2676 “

137 2743 300 2810 Convivae
323 2766 466 2808 meruere
488 2745 536 2829 tui
558 2744 698 2810 fortasse
721 2746 839 2830 perire:

179 2831 349 2917 Amphora
370 2854 438 2897 non
459 2834 577 2897 meruit
598 2836 667 2896 tam
690 2833 835 2918 pretiosa
858 2833 948 2898 mori.

508 2965 510 2968 ’
553 2962 640 3028 ΧΙΧ.

137 3058 172 3124 Si
195 3061 340 3143 memini,
363 3062 492 3125 fuerant
514 3061 576 3124 tibi
599 3063 767 3144 quattuor,
789 3060 896 3142 Aelia,
920 3061 1045 3126 dentes:

180 3149 318 3234 Expulit
340 3172 404 3213 una
427 3149 506 3214 duos
530 3148 630 3212 tussis
654 3152 687 3212 et
708 3170 773 3212 una
795 3149 884 3213 duos.

137 3237 208 3300 Iam
232 3259 344 3301 secura
365 3241 459 3321 potes
482 3237 562 3301 totis
585 3236 704 3299 tussire
728 3236 853 3301 diebus:

181 3323 238 3388 Nil
260 3325 333 3389 istic
356 3325 441 3408 quod
464 3328 542 3410 agat
564 3326 662 3388 tertia
685 3325 785 3388 tussis
808 3324 915 3389 habet

559 3454 629 3519 XX.

139 3549 199 3618 Dic
222 3553 313 3634 mihi,
335 3553 406 3637 quis
419 3551 520 3618 -furor
543 3553 615 3615 est‘l
636 3552 735 3615 turba
759 3553 927 3635 spectante
949 3553 1070 3616 vocata

178 3640 278 3737 §olus
298 3640 438 3724 boletos,
462 3639 660 3726 Caeciliana,
681 3661 790 3706 roras.
