2408 4132
92 467 158 541 eoo
419 463 770 527 nvrumuuauo

135 629 260 695 Ludere
282 650 341 694 neo
362 628 470 711 nobis,
493 649 552 699 nee
574 631 612 698 tn
634 627 798 712 permittis
822 649 944 712 amare3

180 717 237 788 Nil
259 717 341 785 mihi
362 716 412 786 vie
435 720 469 785 et
490 716 540 783 vis
563 719 679 786 ennete
701 716 797 785 lioere
820 715 890 783 tibi.

137 806 294 890 Corripis,
317 805 484 887 observas,
507 803 663 889 quereris,
685 804 826 888 suspiria
848 803 951 886 dreia,

95 910 128 960 10
181 896 227 959 nt
248 895 304 961 vix
326 915 347 961 a
367 891 479 963 ferulis
502 896 662 976 temperat
684 893 734 959 ira
756 896 821 959 tua

138 981 173 1048 Si
194 982 312 1066 Tyrios
336 1002 406 1047 snm
430 981 459 1047 ei
481 980 588 1049 uultus
609 980 726 1049 unxive
749 981 898 1065 eapillor,

180 1070 353 1136 Exclamas
375 1119 392 1152 „
426 1090 568 1152 unquam
590 1068 710 1133 fenerat
731 1070 797 1134 ista
818 1066 942 1152 pater“;

137 1159 183 1225 Et
206 1179 358 1224 numeras
379 1160 510 1221 nostros
530 1157 670 1222 astricta
692 1156 799 1222 fronte
817 1157 969 1240 trientes,

181 1246 352 1330 Tanquam
375 1245 414 1309 de
437 1245 519 1310 oella
541 1245 585 1310 sit
607 1244 704 1309 oadus
727 1244 783 1315 ille
806 1249 871 1310 tua.
963 1250 966 1254 ’

95 1334 272 1421 15Desine3
292 1354 359 1398 non
381 1354 513 1418 possum
536 1332 689 1407 libertum
711 1332 795 1398 ferre
818 1332 983 1399 Catonem.

181 1423 264 1488 Esse
286 1422 391 1487 virum
413 1422 479 1497 iam
501 1442 553 1489 me
576 1421 661 1487 dioet
684 1422 787 1497 amira
808 1422 878 1487 tlbi.

558 1571 616 1649 XL

137 1668 327 1736 Formosam
351 1667 512 1755 Glyceran
535 1673 622 1745 amat
645 1667 810 1751 Lupercus

137 1758 183 1822 nt
206 1758 294 1822 solus
317 1758 408 1833 tenet
429 1756 631 1853 imperatque
655 1757 752 1831 solus.

139 1845 243 1921 Quam
265 1848 337 1911 toto
361 1846 424 1910 sibi
445 1865 555 1922 mense
576 1866 643 1921 uon
664 1843 807 1922 fututam

139 1931 221 1998 Cum
244 1933 349 2004 tristis
373 1937 559 2017 quereretur
581 1937 614 1997 et
636 1933 767 2019 roganti

112 2020 276 2097 eOausam
298 2021 430 2098 reddere
451 2021 550 2098 vellet
572 2019 723 2117 Aeliano3

137 2109 331 2199 Respondit,
354 2107 507 2195 Glycerae
528 2110 638 2189 doluit
661 2109 780 2187 denies·

137 2355 290 2440 indulget
312 2355 421 2440 peoorl
443 2355 577 2420 nimium
600 2356 676 2420 dum
698 2358 811 2441 pastor
832 2353 995 2440 Amyntas

183 2444 229 2508 Et
252 2444 372 2530 gaudet
393 2443 482 2508 fama
503 2443 693 2530 luxuriaque
716 2443 837 2528 gregis,

140 2531 296 2609 Cedentes
320 2531 409 2599 oneri
432 2553 541 2609 ramos
565 2531 745 2615 silvamque
767 2531 918 2609 fluentem

182 2620 284 2705 Viuit,
306 2641 478 2697 concussas
500 2620 569 2705 ipse
592 2624 721 2699 sequtus
745 2641 832 2705 opes.

114 2709 247 2777 olriste
268 2729 382 2779 nemus
405 2707 492 2785 ditae
515 2707 603 2783 vetui
640 2729 808 2793 superesse
831 2707 963 2792 rapinae

182 2795 421 2881 Damnavitque
444 2796 534 2881 rogis
556 2796 655 2867 noxia
676 2796 767 2882 ligna
789 2799 890 2880 peter.

139 2883 294 2966 Pingues,
316 2882 441 2967 Lygdo,
465 2905 537 2948 sues
561 2884 681 2948 habeat
702 2885 828 2949 vicinus
851 2882 971 2949 Iollas:

183 2970 229 3035 Te
252 2968 331 3034 satis
356 2973 406 3034 est
427 2970 521 3035 nobis
544 2993 756 3036 annumerare
778 2994 883 3055 pecus.

546 3110 646 3189 XLII.

140 3207 257 3274 Vivida
280 3229 354 3273 eum
376 3228 491 3293 posoas
515 3210 762 3295 epigrammata,
784 3213 914 3275 mortua
936 3210 1031 3293 ponis

183 3296 361 3362 Lemmata.
398 3295 503 3373 Quid?
526 3297 609 3381 fieri,
631 3295 823 3382 (laeeiliane,
846 3298 976 3382 potest?

139 3383 240 3450 Mella
260 3385 352 3450 iubes
374 3384 524 3468 Hyblaea
544 3384 607 3448 tlbi
629 3385 680 3463 ,vel
703 3385 872 3471 Hymettia
893 3385 996 3471 narei,

183 3474 229 3538 nt
250 3472 365 3558 thyma
387 3471 561 3571 Cecropiae
582 3471 715 3539 Corsica
736 3476 830 3559 ¹ponis
855 3476 920 3559 apii

140 3708 341 3864 Degreneam
363 3711 398 3783 iu
418 3733 519 3796 puero
534 3611 910 3892 Renibus,
933 3734 1028 3799 uror,

203 3799 325 3888 arripis
347 3803 382 3868 ot
405 3800 519 3879 aulum
531 3828 535 3845 ··
577 3820 609 3891 4
784 3801 863 3869 lrere
882 3801 993 3868 tatere.
