2408 4132
95 436 156 502 100
269 398 273 414 '
415 434 452 486 n.
471 434 553 490 vac.
573 433 769 489 nuncians

135 597 213 662 Tam
237 618 303 661 non
325 596 435 661 invida
458 601 589 680 tamque
612 596 739 660 liberali
763 648 771 680 ,

134 685 215 750 Tam
239 685 322 750 comi
344 689 436 769 patet
458 684 696 768 hospitalitate:

135 773 253 839 Credas
278 775 407 839 Alcinoi
429 774 501 858 pios
524 773 662 838 Penates

91 880 123 928 30
137 861 214 947 Aut,
236 863 316 927 facti
339 863 433 927 modo
458 862 578 945 divitis,
601 861 767 927 Molorchi.

134 950 201 1015 Vos
224 974 309 1016 nunc
332 951 440 1015 omnia
462 971 563 1034 parva
587 951 641 1033 qui
664 951 799 1034 putatia,

135 1038 276 1104 Centeno
301 1038 443 1124 gelidum
466 1039 575 1124 ligone
599 1038 702 1105 Tibur

133 1127 195 1192 Vel
219 1128 391 1191 Praeneste
415 1127 543 1217 domate
566 1127 802 1210 pendulamque

134 1216 197 1280 Uni
221 1215 327 1280 dedite
352 1212 474 1278 Setiam
498 1216 626 1296 colono,

90 1321 123 1370 au
134 1304 219 1368 Dum
242 1325 293 1366 me
316 1302 418 1367 iudice
441 1302 667 1386 praeferantur
689 1301 770 1366 istis‘
897 1348 900 1355 ·

133 1391 196 1455 Iuli
219 1392 331 1476 iugera
354 1412 457 1476 pauca
479 1390 650 1455 Martialis.

542 1521 640 1586 LXV.

134 1619 234 1685 Oculo
258 1619 421 1684 Philaenis
446 1641 573 1703 semper
596 1621 698 1682 altero
721 1618 838 1703 plorat.

134 1708 204 1785 Quo
227 1710 285 1772 fiat
307 1709 395 1773 istud
418 1709 572 1792 quaeritis
596 1707 714 1771 modo?
738 1707 828 1771 lusca
852 1712 912 1782 est.

133 1945 243 2032 Egisti
266 1946 367 2010 vitam
391 1967 528 2028 semper,
552 1943 643 2022 Line,
667 1944 910 2030 municipalem,

178 2033 246 2109 Qua
269 2034 350 2098 nihil
375 2034 506 2097 omnino
529 2032 627 2097 vilius
651 2054 720 2096 esse
743 2037 861 2117 potest.

134 2123 244 2186 Idibus
268 2126 300 2186 et
323 2123 405 2186 raris
428 2122 543 2206 togula
567 2124 615 2185 est
639 2124 772 2186 excussa
793 2121 947 2187 Kalendis

177 2210 278 2274 Duxit
302 2214 334 2274 et
356 2214 495 2274 aestates
520 2210 683 2293 synthesis
707 2234 771 2275 una
795 2212 912 2275 decem.

109 2299 244 2365 sSaltus
264 2320 391 2381 aprum,
410 2321 543 2383 campus
562 2299 706 2383 leporem
720 2299 782 2364 tibi
795 2300 886 2363 misit
900 2300 1093 2390 inemptum,
1130 2368 1133 2372 ,

178 2387 267 2451 Silva
290 2408 405 2472 graves
429 2390 540 2452 turdos
565 2387 731 2472 exagitata
755 2387 855 2471 dedit,

135 2474 255 2559 Captus
278 2476 430 2540 flumineo
453 2477 543 2543 venit
566 2477 604 2539 de
628 2477 758 2561 gurgite
780 2476 890 2560 piscis,

177 2563 262 2627 Vina
285 2564 382 2628 ruber
403 2563 488 2628 fudit
510 2586 578 2628 non
599 2565 769 2647 peregrina
792 2564 898 2629 cadus.

134 2651 201 2716 Nec
223 2655 316 2715 tener
338 2651 494 2738 Argolica
516 2654 635 2716 missus
659 2651 696 2714 de
720 2657 815 2736 gente
838 2653 999 2736 minister,

91 2757 123 2805 10
179 2739 240 2804 Sed
263 2741 356 2804 stetit
378 2741 493 2804 inculti
516 2741 639 2805 rustica
661 2742 758 2804 turba
780 2740 852 2805 foci.

6 2888 10 2895 .
134 2827 241 2892 Vilica
263 2828 315 2892 vel
339 2828 410 2890 duri
433 2849 617 2912 compressa
640 2830 690 2891 est
711 2832 814 2912 nupta
837 2830 956 2913 coloni,

177 2916 317 2980 Incaluit
341 2916 489 2998 quotiens
513 2918 622 2980 saucia
645 2938 725 2979 vena
749 2939 846 2981 mero.

134 3003 201 3067 Nec
224 3004 334 3068 nocuit
356 3004 452 3067 tectis
475 3004 576 3088 ignis,
598 3025 657 3068 nec
681 3003 783 3068 Sirius
807 3007 909 3089 agris,

178 3091 245 3156 Nec
269 3113 374 3155 mersa
397 3095 447 3155 est
470 3094 600 3177 pelago,
622 3113 681 3155 nec
703 3092 766 3156 fuit
789 3095 857 3158 ulla
879 3096 969 3160 ratis.

92 3197 123 3245 15
136 3178 312 3263 Subposita
335 3184 384 3244 est
406 3181 526 3244 blando
549 3203 713 3265 nunquam
737 3183 798 3245 tibi
821 3188 944 3248 tessera
966 3185 1048 3269 tale,

177 3269 259 3332 Alea
282 3270 337 3332 sed
360 3274 476 3352 parc'ae
500 3269 570 3333 sola
592 3269 679 3333 fuere
702 3292 807 3334 nuces.

133 3357 207 3438 Dic,
231 3358 287 3423 ubi
310 3359 354 3421 sit
376 3357 494 3437 dacica,
517 3362 621 3421 mater
645 3359 729 3442 quod
753 3381 851 3422 avara
874 3361 1013 3443 reliquit.

178 3445 348 3529 Nusquam
372 3450 434 3509 est:
457 3445 563 3510 fecisti
585 3467 667 3530 rem,
690 3445 783 3523 Line,
807 3447 980 3515 difficilem.

527 3585 657 3650 LXVII.

134 3682 319 3747 Praetorem
342 3705 465 3768 pauper
489 3686 617 3747 centum
641 3685 791 3747 sestertia
815 3683 940 3750 Gaurus

175 3771 301 3836 Orabat
323 3793 405 3836 cana
427 3776 525 3838 notus
549 3771 703 3855 amicitia,
