2408 4132
55 29 1169 246 ἡ

372 431 668 492 EPIGRAMMATON
686 436 755 494 LIB.
773 436 819 491 XI.
1039 434 1102 500 273

136 687 193 752 Nil
216 687 298 752 mihi
321 687 379 752 das
402 687 508 772 rivus,
531 598 710 772 ‹lihidlriost
731 687 802 752 fata
825 687 984 751 daturum.

182 774 218 842 Si
240 798 306 841 non
330 797 363 840 es
388 776 523 860 stultus,
546 777 622 858 scis,
645 775 752 859 Maro,
776 775 853 860 quid
877 774 1013 858 cupiam.

523 905 672 971 LXVIII.

136 997 244 1062 Parva
253 1016 350 1081 rogas
361 1017 511 1081 magnos,
522 995 577 1060 sed
587 1016 653 1059 uon
664 995 742 1059 dant
751 995 831 1059 haec
841 1015 968 1079 quoque
981 994 1102 1078 magni.

181 1084 228 1149 Ut
250 1084 369 1167 pudeat
391 1085 494 1150 levius
517 1088 565 1168 te,
587 1083 715 1167 Matho,
738 1104 858 1168 magna
879 1101 969 1164 roga.

539 1214 652 1281 LXIX.

138 1303 439 1388 Amphitheatrales
462 1305 548 1369 inter
570 1304 696 1368 nutrita
719 1302 893 1387 magistros

181 1392 353 1476 Venatrix,
376 1393 465 1457 silvis
490 1414 617 1476 aspera,
640 1391 761 1457 blanda
784 1390 882 1472 domi,

137 1481 242 1566 Lydia
265 1481 407 1565 dicebar,
430 1481 559 1546 domino
582 1480 741 1545 fidissima
763 1478 900 1562 Dextro,

183 1568 245 1645 Qui
267 1591 334 1634 non
355 1569 518 1654 Erigones
542 1569 654 1634 mallet
677 1569 797 1633 habere
821 1589 947 1650 canem,

113 1657 209 1725 nNec
232 1659 288 1742 qui
310 1657 446 1722 Dictaea
470 1656 650 1743 Cephalum
674 1657 712 1722 de
736 1658 833 1742 gente
857 1660 983 1721 secutus

182 1745 349 1810 Luciferae
372 1747 495 1831 pariter
517 1747 608 1811 veuit
630 1746 671 1811 ad
694 1749 783 1810 astra
806 1745 891 1810 deae.

137 1834 215 1900 Non
237 1856 289 1898 me
311 1834 411 1920 longa
434 1835 502 1900 dies
524 1856 585 1901 nec
606 1834 732 1899 inutilis
756 1833 893 1898 abstulit
916 1835 1020 1915 aetas,

183 1922 300 2000 Qualia
322 1922 475 1988 Dulichio
498 1923 569 1988 fata
590 1924 680 1988 fuere
703 1922 787 1988 cani:

137 2011 307 2076 Fulmineo
332 2013 514 2096 spumantis
538 2015 609 2096 apri
632 2034 703 2077 sum
727 2011 822 2075 dente
844 2009 1027 2095 perempta,

95 2118 127 2165 10
184 2099 330 2175 Quantus
354 2104 438 2183 erat,
462 2099 621 2184 Calydon,
645 2105 713 2181 aut,
736 2098 951 2182 Erymanthe,
974 2102 1058 2161 tuus.

137 2187 206 2255 Nec
221 2209 339 2272 queror
357 2188 501 2252 infernas
517 2187 663 2273 quamvis
682 2187 746 2251 cito
765 2192 862 2269 rapta
881 2186 940 2251 sub
956 2186 1101 2251 umbras.
1185 2259 1187 2262 ¹

182 2276 258 2342 Non
279 2277 373 2359 potui
394 2276 465 2341 fato
488 2277 647 2341 nobiliore
670 2274 761 2338 mori.

548 2406 646 2473 LXX

138 2496 299 2580 Vendere,
322 2496 440 2580 Tucca,
462 2499 555 2580 potes
579 2495 722 2561 centenis
745 2494 877 2559 milibus
901 2493 1049 2578 emptos?

183 2585 355 2650 Plorantes
379 2584 526 2649 dominos
549 2584 699 2668 vendere,
722 2582 841 2665 Tucca,
864 2582 979 2666 potes?

138 2672 207 2738 Neo
229 2677 262 2736 te
286 2673 478 2754 blanditiae,
499 2694 558 2737 nec
582 2673 682 2737 verba
702 2671 839 2736 rudesve
863 2671 1037 2756 querellae,

183 2762 308 2828 Necte
332 2762 424 2826 dente
447 2766 504 2826 tuo
529 2761 638 2826 saucia
656 2761 743 2825 colla
764 2760 917 2825 movent?

113 2850 193 2916 5Ah
215 2849 354 2916 facinus!
378 2851 489 2915 tunica
510 2852 602 2937 patet
623 2850 743 2935 inguen
765 2848 928 2933 utrimque
950 2850 1070 2931 levata,

182 2939 412 3024 Aspiciturque
435 2944 492 3004 tua
514 2939 659 3004 mentula
680 2938 767 3004 facta
790 2960 896 3003 mauu.

140 3026 175 3093 si
197 3032 230 3092 te
255 3027 395 3092 delectat
416 3032 589 3092 numerata
611 3028 759 3111 pecunia,
781 3026 883 3092 vende

182 3115 377 3200 Argentum,
399 3137 541 3201 mensas,
564 3117 721 3200 murrina,
744 3137 832 3197 rura,
856 3115 1001 3197 domum,

137 3203 249 3268 Vende
273 3224 365 3269 serres
389 3227 513 3289 servos,
536 3207 718 3288 ignoscent,
740 3202 842 3268 vende
865 3206 1031 3286 paternos:

93 3310 127 3358 10
180 3292 231 3358 Ne
254 3315 372 3376 pueros
395 3292 530 3377 vendas,
553 3292 662 3358 omnia
683 3292 798 3372 vende,
821 3290 928 3354 miser.

123 3378 1101 3466 Luxuriaestemerehos-quisenimdubitatvenegatve?-,

183 3469 246 3536 Sed
269 3471 373 3536 multo
397 3470 501 3535 maior
524 3470 660 3535 vendere
682 3468 810 3532 luxuria
834 3469 892 3530 est.

537 3578 653 3665 uxrr'r.

136 3691 342 3777 Hystericam
364 3688 473 3754 vetulo
498 3710 532 3754 ao
555 3688 681 3754 dixerat
704 3709 773 3752 esse
797 3686 913 3752 marito

180 3782 227 3845 Et
249 3777 395 3864 queritur
416 3775 502 3845 futui
523 3775 612 3845 Lede
633 3797 767 3844 necesse
788 3775 874 3862 aar,

139 3893 198 3932 Mu
931 3878 973 3929 KQ
