2408 4132
164 499 229 564 246
490 497 527 552 lb
546 499 627 553 VAL.
646 497 844 553 MARTIALIS

603 659 724 725 LXXII

209 750 345 816 Frustra
366 749 552 815 Blanditiae
573 749 692 814 venitis
715 748 756 812 ad
778 770 830 812 me

209 839 344 904 Attritis
367 838 571 902 miserabiles
594 837 737 902 labellis:

209 927 363 993 Dicturus
387 927 553 991 dominum
576 924 733 1009 deumque
754 946 821 990 nou
843 947 923 990 sum.

210 1014 280 1081 Iam
302 1019 442 1080 nonest
464 1015 554 1079 locus
577 1013 639 1079 hac
659 1015 696 1078 in
717 1014 797 1078 urbe
819 1013 926 1097 vobis3

184 1104 263 1168 sAd
283 1102 423 1169 Parthos
446 1102 560 1187 procul
582 1101 628 1168 ite
650 1103 800 1186 pilleatos

209 1192 255 1257 Et
276 1197 387 1276 turpes
409 1191 611 1276 humilesque
633 1190 857 1274 supplicesque

210 1280 376 1346 Pictorum
399 1282 470 1345 sola
491 1280 618 1345 basiate
640 1300 762 1365 regum.

210 1369 287 1434 Non
308 1374 359 1434 est
380 1368 434 1434 hic
457 1368 618 1452 dominus,
641 1368 697 1433 sed
719 1367 910 1450 imperator,

211 1455 274 1522 Sed
297 1457 493 1522 iustissimus
516 1457 661 1521 omnium
684 1460 827 1537 senator,

169 1562 202 1610 ιο
211 1546 272 1610 Per
296 1567 390 1630 quem
414 1546 452 1609 de
475 1544 590 1630 Stygia
613 1544 708 1609 domo
732 1543 864 1608 reducta
887 1546 937 1606 est

212 1631 310 1699 Siccis
333 1635 455 1698 rustica
476 1633 608 1697 Veritas
631 1632 768 1717 capillis.

211 1720 282 1787 Hoc
306 1722 366 1786 sub
389 1721 546 1806 principe,
570 1721 599 1784 si
621 1721 722 1805 sapis,
745 1723 871 1803 caveto,

211 1808 342 1893 Verbis,
363 1809 480 1893 Roma,
502 1808 665 1895 prioribus
688 1809 842 1891 loquaris.

211 2029 337 2093 Littera
359 2027 488 2093 facundi
511 2030 641 2113 gratum
664 2028 746 2093 mihi
767 2029 886 2114 pignus
910 2027 1006 2092 amici

255 2117 407 2200 Pertulit,
430 2116 593 2181 Ausoniae
617 2117 701 2182 dona
724 2138 836 2182 severa
857 2121 969 2200 togae,

212 2204 282 2283 Qua
303 2228 370 2271 non
391 2204 571 2290 Fabricius,
595 2206 651 2270 sed
673 2207 771 2271 vellet
793 2205 928 2288 Apicius
950 2205 1013 2289 uti,

256 2294 365 2359 Vellet
387 2293 556 2360 Maecenas
580 2293 792 2360 Caesarianus
816 2314 920 2378 eques.

186 2382 319 2448 5Vilior
341 2382 421 2448 haec
442 2383 537 2447 uobis
562 2383 626 2448 alio
651 2383 802 2448 mittente
824 2380 952 2467 fuisset3

255 2471 331 2537 Non
354 2493 541 2556 quacunque
564 2493 663 2536 manu
684 2471 817 2537 victima
840 2493 932 2536 caesa
954 2471 1047 2537 litat:

212 2559 243 2624 A
264 2563 298 2624 te
320 2562 422 2625 missa
443 2559 544 2624 venit:
567 2581 697 2642 possem
718 2559 783 2624 nisi
805 2581 921 2623 munus
945 2581 1072 2646 amare,

256 2648 378 2732 Marce,
401 2650 505 2730 tuum,
527 2651 675 2731 poteram
697 2669 816 2713 nomen
838 2669 947 2711 amare
968 2670 1091 2718 meum

213 2735 346 2800 Munere
369 2734 424 2800 sed
446 2736 520 2819 plus
544 2739 594 2800 est
617 2741 650 2801 et
671 2736 803 2801 nomine
826 2736 951 2821 gratius
973 2735 1048 2820 ipso

172 2839 203 2888 10
258 2822 410 2888 Officium
433 2822 519 2887 docti
542 2823 758 2909 iudiciumque
781 2823 851 2888 viri.

601 2953 745 3019 LXXIV.

214 3042 284 3107 Iam
308 3063 404 3126 parce
427 3042 526 3123 lasso,
549 3041 666 3127 Roma,
691 3042 899 3128 gratulaturi,

215 3130 317 3195 Lasso
342 3129 460 3195 clienti.
498 3129 658 3207 Quamdiu
682 3132 841 3195 salutator

214 3219 490 3284 Anteambulones
514 3221 547 3283 et
569 3219 734 3304 togatulos
757 3220 842 3284 inter

215 3307 352 3373 (lentum
375 3307 524 3372 merebor
545 3306 714 3391 plumbeos
738 3307 789 3373 die
812 3310 895 3393 toto,

189 3394 296 3461 sOum
320 3394 458 3480 Scorpus
481 3417 546 3461 una
569 3395 749 3480 quindecim
772 3417 886 3481 graves
909 3397 991 3462 hora

214 3483 382 3549 Feruentis
405 3485 476 3549 auri
498 3484 602 3550 vietur
623 3483 749 3549 auferat
773 3486 904 3550 saccos?

214 3572 289 3638 Non
313 3593 374 3658 ego
397 3594 541 3638 meorum
563 3573 743 3656 praemium
766 3573 950 3638 libellorum

214 3698 258 3709 -
276 3659 361 3737 Quid
380 3661 464 3726 enim
483 3661 669 3727 merentur?
691 3697 728 3708 —
749 3661 896 3746 Appulos
914 3661 1012 3727 velim
1031 3686 1184 3756 campos3

212 3748 288 3815 Non
310 3747 437 3836 Hybla,
460 3771 526 3816 non
548 3772 599 3815 me
622 3749 752 3836 spicifer
774 3751 863 3835 capit
883 3748 994 3835 Nilus,

153 3836 274 3906 roNec
298 3862 385 3926 quae
406 3839 549 3927 paludes
574 3838 716 3908 delicata
733 3828 1015 3904 rumm-
