2408 4132
77 31 797 242 nav-*-
815 32 844 35 ⁷

363 466 656 523 EPIGRAMMATON
674 467 740 525 LIB.
759 468 818 527 XII.
1027 468 1092 535 305

550 627 633 696 xcL

132 725 320 792 Communis
343 725 405 791 tibi
428 749 500 792 cum
523 727 606 811 viro,
628 725 789 812 Megala,

132 814 213 880 Cum
237 815 281 879 sit
303 815 442 880 lectulus
466 818 499 881 et
521 815 565 880 sit
588 814 747 899 exoletus,

132 904 251 982 Quare,
276 903 325 968 dio
348 903 441 987 mihi,
464 925 530 968 non
554 902 597 967 sit
619 907 652 967 et
673 902 829 967 minister.

133 989 402 1076 Suspiras31atio
426 993 490 1076 est,
512 991 608 1056 times
632 991 792 1076 lagonam.

540 1137 640 1204 xofl.

133 1236 235 1321 Saepe
258 1256 374 1321 rogare
398 1236 496 1320 soles,
519 1237 624 1322 qualia
647 1237 723 1320 sim,
745 1236 867 1320 Prisce,
889 1235 1031 1321 futurus,

178 1323 213 1389 Si
235 1325 312 1388 fiam
334 1324 479 1408 locuples
502 1323 627 1409 simque
649 1330 781 1409 repente
803 1328 927 1409 potens.

133 1412 332 1496 Quemquam
355 1432 451 1495 posse
472 1416 570 1497 putas
593 1431 699 1478 mores
720 1434 853 1478 narrare
875 1411 1026 1478 futuros?

176 1500 238 1566 Die
260 1500 354 1585 mihi,
378 1500 406 1565 si
427 1501 488 1566 fias
511 1505 549 1566 tu
572 1500 636 1586 leo,
660 1501 765 1586 qualis
788 1501 875 1567 eris?

531 1638 649 1708 XCIII.

134 1737 205 1814 Qua
226 1737 394 1804 moechum
416 1737 543 1803 ratione
565 1738 709 1803 basiaret

134 1825 251 1892 (loram
274 1826 421 1912 coniuge,
443 1827 587 1911 repperit
607 1825 755 1893 Fabulla.

133 1915 273 1980 Parvum
295 1915 403 1981 basiat
425 1937 527 1999 usque
549 1915 742 2000 morionem3

133 2003 230 2068 Hunc
253 2003 364 2068 multis
386 2003 474 2086 rapit
496 2003 614 2069 osculis
637 2004 820 2068 madentem

108 2091 288 2156 sMoechus
311 2092 474 2175 protinus,
497 2093 530 2156 et
553 2091 619 2156 suis
642 2092 803 2174 repletum

134 2179 266 2244 Ridenti
289 2178 436 2243 dominae
459 2178 571 2243 statim
594 2178 741 2244 remittit.

135 2267 264 2342 Quanto
287 2266 391 2331 morio
414 2265 518 2331 maior
541 2269 590 2330 est
613 2266 764 2354 maritusl

534 2405 650 2472 xclv.

136 2503 360 2570 Scribebamus
384 2524 476 2588 epos3
498 2502 634 2587 coepisti
657 2502 809 2570 scribere:
833 2502 927 2587 cessi,

180 2593 318 2657 Aemula
339 2613 380 2656 ne
403 2595 529 2656 starent
551 2591 695 2656 carmina
716 2613 776 2656 nos
779 2596 831 2655 tra
779 2591 927 2656 t.tuia

135 2680 316 2746 Transtulit
302 2680 381 2744 tad
402 2679 545 2765 tragicos
573 2701 609 2744 se
630 2683 745 2745 nostra
765 2677 883 2745 Thalia
905 2681 958 2744 cot
943 2677 1094 2745 tharnos:

180 2768 314 2855 Aptasti
335 2767 469 2870 longum
491 2771 528 2832 tu
551 2789 678 2853 quoque
701 2775 846 2852 syrmat
832 2767 901 2832 tibi

108 2857 207 2922 sFila
211 2794 320 2941 plyrae
342 2857 430 2922 movi
452 2855 599 2921 Calabris
622 2855 751 2922 exculta
774 2853 937 2921 Camenis.

180 2945 311 3010 Plectra
333 2944 425 3028 rapis
440 2944 552 3029 nobis,
575 2944 760 3028 ambitiose,
781 2966 876 3010 nova

138 3033 303 3098 Audemus
326 3036 469 3098 saturas:
490 3031 632 3098 Lucilius
653 3054 724 3098 esse
745 2994 883 3098 laboras.

180 3121 271 3186 Ludo
294 3122 382 3186 leves
405 3121 528 3207 elegos:
550 3125 736 3206 tu'quoque
758 3119 843 3185 ludis
865 3120 959 3185 idem.

139 3210 222 3286 Quid
239 3209 345 3273 minus
364 3231 435 3274 esse
452 3210 585 3294 potest?
601 3210 839 3295 epigrammata
855 3209 977 3293 fingere
991 3209 1095 3293 coepi:

94 3316 128 3364 10
182 3298 269 3362 Hine
291 3298 391 3362 etiam
412 3297 624 3381 petitoriam
647 3318 719 3362 mea
741 3297 850 3381 palma
871 3296 943 3362 tibi.

136 3386 245 3470 Elige,
260 3385 337 3469 quid
350 3385 483 3451 nolis-
496 3387 568 3470 quis
583 3385 669 3451 enim
683 3384 799 3469 pudor,
814 3384 923 3449 omnia
936 3383 1042 3449 velle?
1052 3419 1096 3430 -

181 3475 226 3538 Et
211 3474 278 3539 tsi
300 3474 379 3558 quid
400 3495 466 3538 non
488 3474 551 3558 vis,
573 3473 691 3558 lucca,
712 3473 857 3557 relinque
879 3471 968 3537 mihi

545 3612 643 3681 XCV

137 3711 262 3778 Musaei
283 3711 525 3797 pathicissimos
547 3711 693 3793 libellos,

138 3801 350 3952 32⁰&th
372 3799 567 3886 Sybariticis
588 3798 732 3885 libellis,
940 3897 982 3947 ‘m
