2408 4132
77 35 488 250 Ε
498 35 873 69 'iv-'⁷
913 36 921 37 ’

370 515 669 572 EPIGRAMMATON
685 517 752 574 LlB.
769 518 829 574 XII.
1036 518 1102 584 295

142 676 307 761 Gemmas,
331 700 441 764 aurea,
463 678 552 763 vina,
567 679 784 744 concubinos:

115 765 195 831 aSio
217 770 250 830 te
273 770 430 850 perpetua
451 766 514 830 fide
536 768 709 850 probatum

140 854 233 919 Nulli
255 877 320 919 non
342 859 399 919 tua
421 855 584 939 praeferat
605 859 756 939 patrona:

143 941 316 1007 Succurras
339 945 470 1026 misero,
493 965 620 1027 precor,
642 943 745 1008 furori

141 1030 186 1095 Et
209 1053 316 1096 serves
340 1031 512 1115 aliquando
535 1032 747 1117 neglegenter

140 1119 221 1184 Illos
246 1121 301 1203 qui
323 1121 408 1184 male
432 1141 487 1184 cor
510 1141 616 1184 meum
639 1123 808 1205 perurunt,

98 1222 131 1270 10
142 1208 229 1282 Quos
254 1212 287 1271 et
309 1209 460 1273 noctibus
483 1211 516 1273 et
540 1208 650 1272 diebus
674 1212 752 1292 opto

140 1295 180 1358 In
202 1300 314 1360 nostro
339 1296 473 1380 cupidus
497 1298 570 1361 sinu
592 1296 713 1378 videre,

140 1382 328 1470 Formosos,
350 1385 476 1464 niveos,
498 1406 607 1468 pares,
630 1384 801 1471 gemellos,

141 1470 300 1556 Grandes,
322 1493 389 1537 non
410 1494 540 1557 pueros,
564 1473 619 1537 sed
641 1474 783 1538 uniones.

579 1603 615 1669 L.

140 1697 353 1784 Daphnonus,
375 1702 569 1785 platanonas
593 1704 626 1765 et
649 1701 753 1767 adrios
776 1702 928 1787 pityonas

185 1789 230 1853 Et
252 1811 319 1854 non
340 1789 434 1854 unius
457 1790 575 1854 balnea
598 1790 687 1854 solus
709 1790 824 1874 habes,

140 1877 185 1940 Et
207 1877 269 1942 tibi
293 1878 436 1943 centenis
459 1881 526 1942 stat
550 1879 692 1961 porticus
715 1880 783 1942 alta
805 1877 976 1962 columnis,

186 1963 400 2050 Calcatusque
422 1970 479 2031 tuo
503 1966 563 2030 sub
585 1967 666 2051 pede
688 1967 774 2032 lucet
797 1989 895 2052 onyx,

114 2052 393 2138 oPulvereumquo
415 2054 516 2139 fugax
537 2054 775 2138 hippodromon
795 2055 919 2139 ungula
940 2053 1080 2138 plaudit,

184 2141 230 2206 Et
252 2142 417 2226 pereuntis
441 2143 682 2226 aquaeductus
705 2143 824 2227 ubique
847 2146 956 2225 sonat3

141 2230 237 2294 Atria
260 2231 359 2316 longa
381 2232 504 2314 patent.
541 2228 604 2294 Sed
627 2251 685 2295 neo
708 2230 897 2295 cenantibus
920 2252 1056 2314 usquam

185 2317 253 2384 Neo
276 2340 389 2382 somno
413 2317 503 2382 locus
527 2321 586 2384 est.
622 2316 726 2393 Quam
749 2319 829 2382 bene
851 2340 917 2383 non
939 2316 1084 2382 habitas!
1171 2387 1173 2391 Α

572 2457 625 2523 LI.

141 2555 222 2620 Tam
245 2576 340 2640 saepe
362 2559 512 2620 nostrum
535 2555 638 2641 decipi
661 2554 882 2640 Fabullinum,

139 2643 282 2723 Miraris,
305 2643 411 2709 Aule?
435 2665 562 2728 semper
583 2644 682 2710 homo
704 2643 810 2709 bonus
832 2644 896 2708 tiro
920 2646 979 2710 est.

565 2783 626 2848 LII

140 2882 299 2966 Tempora
321 2880 429 2947 Pieria
452 2881 569 2946 solitus
592 2881 743 2946 redimire
767 2904 898 2965 corona,

183 2967 252 3033 Nec
274 2969 382 3034 minus
406 2970 556 3035 attonitis
579 2991 643 3035 vox
666 2970 829 3035 celebrata
851 2971 929 3052 reis,

140 3056 202 3122 Hic
226 3058 308 3122 situs
332 3062 396 3140 est,
417 3058 472 3123 hic
493 3058 550 3122 ille
572 3062 662 3142 tuus,
685 3058 887 3144 Sempronia,
910 3058 1027 3143 Rufus,

184 3144 282 3210 Cuius
306 3149 339 3210 et
361 3147 430 3230 ipse
453 3147 503 3210 tui
524 3147 644 3232 flagrat
666 3168 776 3212 amore
799 3148 888 3212 cinis.

113 3233 251 3299 cDulcis
274 3234 309 3298 in
331 3234 444 3319 Elysio
467 3236 611 3299 nemoris
633 3235 745 3299 fabula
769 3257 895 3318 campo,

183 3322 229 3386 Et
252 3326 361 3407 stupet
383 3323 425 3387 ad
446 3327 559 3407 raptus
582 3323 740 3408 Tyndaris
764 3325 836 3406 ipsa
857 3326 945 3389 tuos:

139 3410 188 3475 Tu
210 3410 338 3494 melior,
362 3433 443 3495 quae
466 3411 592 3476 deserto
616 3417 748 3495 raptore
770 3411 898 3495 redisti,

181 3497 246 3563 Illa
268 3498 374 3563 virum
395 3499 501 3564 voluit
521 3521 580 3564 nec
603 3501 742 3583 repetita
764 3500 866 3584 sequi.
949 3524 951 3528 ⁴

138 3586 248 3666 Ridet,
272 3591 305 3651 et
326 3586 444 3653 Iliacos
467 3587 557 3652 audit
579 3586 746 3652 Menelaus
769 3608 908 3662 amores:

95 3690 128 3740 10
182 3676 336 3741 Absolvit
359 3675 539 3762 Phrygium
561 3679 671 3741 vestra
693 3675 808 3760 rapina
830 3675 948 3740 Parim.

138 3761 309 3847 Accipient
332 3764 412 3830 olim
432 3786 507 3831 cum
529 3767 563 3833 te
584 3762 657 3831 loos
679 3763 768 3829 lacta
790 3765 941 3850 piorum,

181 3849 215 3916 N
216 3873 257 3916 ου
280 3851 343 3917 en't
361 3852 399 3939 in
419 3848 677 3945 sap-imae
698 3853 828 3921 umbra
848 3853 972 3918 dumo·-
