2408 4132
362 745 410 818 u.
439 745 545 818 vnn.
574 743 833 818 Maurusia

296 919 895 1018 EPIGRAMMATON

526 1129 667 1194 LIBER.

585 1305 609 1368 I.

139 1411 286 1476 Barbara
307 1410 511 1496 pyramidum
535 1411 629 1476 sileat
652 1411 810 1477 miracula
831 1409 1002 1495 Memphis²

182 1500 336 1584 Assyrius
359 1500 458 1565 iactet
480 1522 539 1565 nec
561 1498 732 1585 Babylona
754 1500 860 1584 labor3

137 1588 206 1654 Nec
228 1588 357 1653 Triviae
380 1589 502 1673 templo
527 1589 641 1653 molles
665 1589 836 1653 laudentur
857 1587 966 1670 Iones,

180 1675 374 1742 Dissimulet
396 1676 503 1741 Delon
526 1677 677 1742 cornibus
701 1700 758 1741 ara
779 1676 943 1760 frequens3

112 1766 221 1831 bAdrc
244 1787 303 1830 nec
326 1786 427 1830 vacuo
449 1765 624 1849 pendentia
646 1765 813 1830 Mausolea

181 1853 344 1918 Laudibus
367 1853 549 1918 immodicis
573 1853 670 1919 Cares
694 1855 728 1917 in
751 1858 840 1918 astra
861 1853 977 1942 ferant

140 1940 251 2006 Omnis
274 1940 431 2006 Caesareo
455 1941 540 2006 cedit
563 1941 656 2005 labor
678 1941 932 2024 amphitheatro,

1088 1728 1116 1769 2<

182 2028 291 2094 Unum
307 2051 373 2118 pro
398 2031 521 2094 cunctis
544 2029 632 2094 fama
655 2030 805 2114 loquetur
828 2051 917 2112 opus.

575 2187 617 2251 ΙΙ.

139 2291 200 2357 Hic
222 2292 278 2357 ubi
300 2293 442 2358 sidereus
466 2294 598 2378 propius
621 2292 711 2357 videt
734 2296 823 2357 astra
846 2291 991 2356 colossus

181 2380 226 2446 Et
249 2386 396 2447 crescunt
420 2382 524 2446 media
546 2385 700 2467 pegmata
723 2381 807 2446 celsa
830 2380 895 2463 via,

138 2468 301 2534 Invidiosa
322 2469 384 2535 feri
406 2469 579 2534 radiabant
602 2471 686 2534 atria
708 2468 795 2554 regis

185 2557 318 2642 Unaque
342 2559 407 2623 iam
429 2562 500 2623 tcta
523 2558 633 2623 stabat
655 2559 691 2621 in
713 2558 792 2622 urbe
816 2558 938 2621 domus.

110 2645 198 2712 5Hic
222 2645 279 2709 ubi
301 2646 465 2729 conspicui
488 2647 682 2711 venerabilis
706 2645 938 2729 amphitheatri

179 2733 330 2818 Erigitur
351 2735 467 2818 moles,
490 2739 609 2818 stagna
630 2733 770 2800 Neronis
795 2739 895 2798 erant.
1127 2737 1148 2777 f

136 2821 197 2886 Hic
220 2822 277 2886 ubi
300 2822 456 2886 miramur
479 2823 602 2888 velocia
625 2845 758 2888 munera
780 2822 939 2903 thermas,

180 2910 372 2974 Abstulerat
394 2911 521 2976 miseris
544 2915 631 2976 tecta
654 2910 810 2996 superbus
835 2931 920 2995 ager.

137 2996 271 3062 Claudia
294 2999 426 3063 diffusas
450 2999 507 3063 ubi
529 3000 673 3084 porticus
697 2999 838 3084 explicat
859 2998 1003 3081 umbras,

95 3103 126 3150 10
180 3085 305 3152 Ultima
327 3109 403 3171 pars
427 3087 519 3152 aulae
543 3088 720 3152 deficientis
744 3091 822 3152 erat.

136 3173 275 3239 Reddita
289 3175 394 3240 Roma
412 3175 476 3239 sibi
495 3180 544 3240 est
563 3180 595 3239 et
614 3180 690 3240 sunt
703 3181 736 3240 tc
754 3175 910 3260 praeside,
924 3172 1051 3258 Caesar,

179 3263 321 3328 Deliciae
344 3264 468 3348 populi,
492 3286 573 3348 quae
595 3264 725 3328 fuerant
749 3262 879 3328 domini.

565 3421 621 3486 ΙΙΙ.

134 3525 222 3602 Quae
231 3531 300 3592 tam
315 3527 458 3610 seposita
472 3532 530 3611 est,
541 3550 622 3612 quae
637 3549 716 3613 gens
726 3533 793 3592 tam
808 3528 956 3611 barbara,
967 3525 1095 3608 Caesar,
1106 3613 1123 3629 -„

178 3615 228 3679 Ex
252 3639 315 3700 qua
336 3619 501 3700 spectator
523 3638 591 3685 non
615 3616 721 3686 sitin
740 3618 826 3685 urbe
846 3617 928 3684 tua‘l

130 3727 210 3766 Maur,
950 3725 972 3772 l
