2408 4132
15 39 1200 83 ἡ

142 350 206 415 340
466 349 503 405 Μ.
525 348 604 403 VAL.
623 347 818 401 MARTIALIS

204 510 406 579 CLXXXIV.
427 511 584 576 Homerus
606 511 641 574 m
658 511 869 592 mmillurr'bus
891 509 1096 580 mmmbrom's.

184 618 262 682 Ilias
287 621 319 681 et
342 616 462 680 Priami
487 616 597 702 regnis
620 617 768 681 inimicus
791 614 904 680 Ulixes

228 705 403 788 Multiplici
425 706 547 789 pariter
570 704 699 769 condita
721 704 807 788 pelle
830 705 942 769 latent.

419 842 603 909 CLXXXV.
632 845 746 927 Verm'li
769 843 870 909 Cultor.

187 952 304 1036 Accipe
327 951 455 1016 facundi
478 950 635 1033 Culicem,
658 950 814 1034 studiose,
838 949 999 1035 Maronis,

231 1039 281 1103 Ne
304 1040 440 1104 nucibus
463 1038 700 1122 possisnam
722 1056 902 1116 VIRUMQUE
925 1039 1028 1125 legas.

319 1178 522 1246 CLXXXVI.
551 1179 703 1261 Veryilius
724 1179 761 1244 m
782 1179 977 1245 membranis,

188 1285 291 1361 Quam
313 1285 421 1349 brevis
444 1286 625 1349 inmensum
648 1284 734 1369 cepit
756 1285 946 1348 membrana
966 1283 1154 1354 Maronem!

232 1373 339 1457 Ipsius
363 1379 396 1437 et
417 1375 526 1439 vultus
549 1373 655 1457 prima
677 1372 801 1437 tabella
825 1372 918 1457 gerit.

366 1512 582 1579 CLXXXVII.
605 1513 811 1597 Μενάνδρου
835 1515 924 1589 Θαῒς.

189 1619 260 1684 Hac
281 1619 421 1702 primum
443 1619 594 1683 iuvenum
618 1619 756 1685 lascivos
780 1619 860 1682 lusit
882 1639 1025 1705 amores3

232 1707 301 1771 Nec
324 1707 460 1790 Glycera
482 1708 586 1790 pueri,
609 1707 709 1771 Thais
734 1706 837 1770 amica
859 1706 931 1770 fuit.

331 1845 565 1913 CLXXXVIII.
585 1846 689 1912 ‘Cicero
712 1849 748 1911 e'm
769 1847 964 1912 membrom's.

191 1943 226 2009 Si
248 1967 353 2009 comes
376 1945 440 2008 ista
463 1944 525 2008 tibi
546 1944 645 2009 fuerit
669 1946 868 2027 membrana,
890 1946 1009 2028 putato

234 2032 372 2118 Carpere
395 2037 427 2097 te
451 2033 566 2116 longas
590 2056 663 2098 cum
686 2032 840 2100 Cicerone
862 2033 942 2097 vias.

354 2173 554 2239 CLXXXIX.
576 2174 769 2239 Momolm'blos
791 2173 944 2254 Properti.

191 2280 332 2366 Cynthia
352 2315 391 2327 -
411 2281 542 2345 facundi
565 2303 694 2345 carmen
716 2279 863 2344 iuvenale
885 2277 1040 2363 Properti
1065 2259 1104 2327 ¹-

234 2370 370 2453 Accepit
392 2369 526 2451 famam,
549 2390 615 2432 non
637 2369 743 2433 minus
766 2368 838 2452 ipsa
863 2366 958 2432 dedit.

344 2507 436 2575 CXC.
461 2510 550 2574 Tims
571 2510 684 2574 Iccius
704 2511 739 2572 m
760 2509 954 2573 membranis.
1024 2500 1028 2507 ’

191 2607 338 2671 Pellibus
361 2607 486 2691 exiguis
511 2610 638 2670 artatur
659 2605 771 2670 Livius
794 2605 922 2688 ingens,

236 2694 336 2770 Quem
360 2716 431 2758 mea
452 2716 520 2758 non
541 2697 647 2758 totum
670 2692 869 2758 bibliotheca
894 2691 991 2775 capit.

560 2834 737 2899 Sallustius.

192 2931 254 2996 Hic
278 2931 352 3014 erit,
375 2934 412 2995 ut
433 2929 604 3015 perhibent
627 2930 794 2996 doctorum
817 2927 913 2995 corda
935 2930 1102 3018 virorum,

235 3019 364 3084 Primus
387 3018 536 3084 Romans.
559 3017 691 3102 Crispus
714 3021 748 3083 in
770 3017 915 3083 historia.

260 3159 383 3226 CXCII.
408 3161 496 3225 Om'dr'
517 3159 773 3241 Metamorphosis
794 3161 830 3224 m
851 3158 1050 3251 mmmbram's.

193 3266 282 3332 Haec
304 3266 366 3330 tibi
384 3265 556 3349 multiplici
579 3287 659 3350 quae
683 3268 807 3329 structa
825 3266 875 3328 est
893 3285 1003 3329 massa
1022 3266 1163 3355 tabella,

141 3403 144 3408 Δ
238 3353 388 3420 Carmina
410 3352 551 3420 Nasonis
575 3355 715 3438 quinque
738 3353 910 3436 decemque
933 3352 1030 3438 gerit.

578 3494 680 3560 Turul
718 3543 725 3558 .

193 3591 286 3660 Ussit
308 3594 490 3660 amatorem
510 3590 660 3658 Nemesis
682 3591 804 3656 lasciva
858 3660 889 3685 W
944 3590 947 3595 '
1061 3592 1109 3667 ,[-

225 3684 269 3754 in
294 3689 371 3756 tota
393 3684 482 3756 iuvit
507 3707 607 3774 quern
624 3680 712 3750 nillil
733 3699 806 3745 esse
