2408 4132
354 474 649 533 EPIGRAMMATON
666 476 733 533 LIB.
752 477 799 533 XI.
1012 478 1079 544 265

501 637 651 704 XXXIV.

118 725 224 790 Aedes
248 726 326 791 emit
347 724 448 810 Aper,
471 726 528 791 sed
550 747 632 811 quas
653 748 713 793 nec
733 730 853 793 noctua
875 728 973 795 vellet

162 814 244 878 Esse
267 836 356 878 suas:
379 814 459 879 adeo
481 815 577 900 nigra
598 818 755 899 vetusque
778 836 854 881 cesa
877 819 936 881 est.

117 900 250 966 Vicinos
272 903 322 966 illi
343 901 464 966 nitidus
487 901 579 968 Maro
602 903 748 986 possidet
770 903 892 969 hortos.

162 988 299 1055 Cenabit
321 990 420 1072 belle,
442 1012 509 1055 non
531 991 696 1056 habitabit
718 989 815 1076 Aper.

510 1129 641 1197 XXXV.

115 1216 252 1303 Ignotos
275 1219 356 1284 mihi
379 1241 452 1284 cum
475 1240 570 1285 voces
593 1222 769 1304 trecentos,

118 1304 223 1381 Quare
244 1329 311 1373 non
332 1307 462 1373 veniam
483 1310 619 1373 vocatus
643 1329 662 1372 a
684 1311 731 1392 te,

116 1393 248 1459 Miraris
272 1396 477 1480 quererisque
498 1395 682 1481 litigasque.

119 1480 215 1547 Solus
240 1505 332 1569 ceno,
353 1484 503 1570 Fabulle,
525 1505 591 1548 non
613 1484 761 1549 libenter.

502 1623 650 1690 XXXVI.

117 1711 217 1777 Gaius
240 1711 323 1778 hanc
346 1713 451 1779 lucem
474 1734 603 1799 gemme
624 1711 706 1778 mihi
726 1710 829 1778 Iulius
852 1711 928 1777 alba

162 1798 290 1886 Signat,
312 1801 358 1885 io,
380 1802 465 1867 votis
488 1801 646 1887 redditus,
668 1821 753 1885 ecee,
776 1799 869 1865 meis:

115 1887 312 1973 Desperasse
335 1890 427 1956 iurat
448 1891 552 1956 veluti
573 1892 638 1956 iam
661 1892 758 1974 rupta
781 1911 928 1954 sororum

160 1976 244 2063 File3
267 1979 373 2043 minus
397 1979 539 2064 gaudent
562 1979 618 2064 qui
639 1978 775 2043 timuere
797 1977 888 2042 nihil.

90 2064 247 2150 5Hypne,
271 2066 347 2151 quid
371 2070 532 2151 expectas,
554 2067 669 2152 piger?
697 2065 880 2130 immortale
902 2063 1075 2129 Falernum

160 2153 284 2239 Funde,
308 2175 417 2218 senem
439 2158 577 2238 poscunt
599 2154 681 2219 talia
703 2157 781 2218 vota
803 2153 930 2218 eadum:

116 2241 317 2317 Quincunces
341 2246 374 2308 et
397 2263 453 2307 sex
475 2242 613 2326 cyathos
635 2242 825 2325 bessemque
847 2239 1009 2323 bibamus,

161 2328 269 2396 (lmus
293 2334 331 2394 ut
352 2331 412 2395 fiat
433 2330 552 2396 Iumus
576 2333 608 2394 et
630 2328 826 2394 Paoeunus.

493 2466 649 2536 XXXVII

116 2558 218 2643 Zoile,
242 2559 319 2644 quid
342 2562 414 2643 tota
436 2578 597 2645 gemmam
618 2556 825 2643 praecingere
848 2557 934 2622 libra

160 2646 205 2712 'Ie
227 2648 318 2713 iuvat
340 2652 373 2719 et
395 2648 550 2713 miserum
571 2647 703 2732 perdere
727 2645 951 2730 sardonyche?

115 2735 242 2801 Anulus
265 2737 327 2801 iste
349 2737 415 2802 tuis
436 2737 545 2801 fuerat
565 2735 661 2800 modo
684 2734 831 2799 cruribus
855 2737 964 2818 aptus:

159 2823 235 2890 Non
258 2824 369 2890 eedem
392 2824 504 2912 digitis
527 2823 669 2908 pondera
690 2822 826 2888 conveni
871 2825 894 2887 t.

481 2963 654 3030 XXXVIII

115 3052 217 3117 Murio
240 3052 359 3139 viginti
381 3057 470 3119 venre
492 3054 587 3119 moro
610 3015 756 3137 milibus,
779 3051 871 3118 aue.
958 3132 961 3138 4

158 3141 288 3206 Miraris
311 3143 451 3228 pretium
474 3147 544 3207 tam
567 3141 687 3226 grave?
711 3142 826 3206 surdus
849 3143 929 3207 erat.

498 3281 646 3347 XXXIX.

114 3369 279 3438 Cunarum
301 3369 409 3435 fueras
432 3374 553 3454 motor,
575 3368 779 3452 Charideme,
801 3389 945 3433 mearum

157 3460 203 3524 Et
225 3458 317 3544 pueri
340 3461 448 3524 custos
472 3459 687 3542 adsiduusque
710 3478 826 3523 eomer.

113 3546 184 3612 Iam
208 3547 290 3613 mihi
311 3546 500 3632 nigrescunt
521 3551 617 3612 tonsa
640 3545 769 3611 sudaria
790 3545 893 3610 barba

156 3636 203 3700 Et
226 3635 372 3720 queritur
394 3634 495 3699 labris
518 3639 639 3718 puncta
660 3634 770 3719 puella
791 3633 885 3716 meis,

87 3722 177 3789 oSed
200 3724 262 3788 tibi
283 3745 350 3788 non
372 3723 471 3788 crevi:
494 3726 528 3789 te
549 3727 661 3788 noster
684 3721 798 3788 vilicus
820 3720 944 3805 horret,

157 3811 203 3876 'Ie
227 3812 446 3898 dispensator,
468 3813 503 3878 te
526 3811 644 3879 domus
665 3810 745 3900 ipsa
763 3813 878 3894 pauet.
