2408 4132
362 469 658 525 EPIGRAMMATON
676 470 745 527 LIB.
764 470 823 526 XII.
1037 469 1101 534 283

584 631 609 698 Ι.

137 737 236 802 Retia
259 738 334 801 dum
358 741 487 802 cessant
508 738 745 822 latratoresque
769 738 906 804 Molossi

181 825 227 890 Et
248 848 315 890 non
337 825 469 890 invento
494 826 578 892 silva
601 827 738 910 quiescit
761 848 854 912 apr0,

139 913 226 997 Otia,
249 913 371 997 Prisce,
395 915 485 979 brevi
508 917 631 999 poteris
655 914 774 979 donaro
797 916 917 981 libello.

181 1001 273 1066 Hora
295 1023 355 1066 neo
377 1003 502 1068 aestiva
525 1008 576 1068 est
596 1025 655 1068 nee
677 1003 740 1068 tibi
762 1007 834 1069 tota
856 1004 949 1087 perit
1009 1054 1011 1059 .

573 1143 616 1208 H.

138 1249 227 1325 Quae
250 1250 347 1314 modo
370 1249 505 1314 litoreos
527 1250 626 1314 ibatis
650 1251 793 1315 earmina
815 1250 954 1336 Pyrgos,

181 1337 231 1401 Ite
256 1359 348 1402 saera
366 1374 408 1386 -·
427 1338 493 1403 iam
516 1360 582 1403 non
605 1338 831 1422 pulverulenta
848 1375 892 1385 —
911 1340 972 1405 via

566 1496 625 1562 HI.

137 1601 189 1667 Ad
212 1604 350 1688 populos
373 1603 460 1666 mitti
484 1604 539 1686 qui
560 1624 664 1687 nuper
687 1603 728 1668 ab
750 1604 831 1668 urbe
855 1604 996 1689 solebas,

181 1691 262 1770 Ibis,
284 1693 331 1775 io,
353 1691 491 1757 Romam
514 1713 612 1772 nune,
634 1693 803 1776 peregrine
826 1693 921 1777 liber,

137 1779 281 1844 Auriferi
304 1781 344 1844 de
368 1784 464 1865 gente
488 1779 570 1865 Tagi
592 1780 762 1864 tetricique
786 1779 929 1864 Salonis,

181 1867 248 1932 Dat
270 1868 395 1952 patrios
423 1870 520 1932 armis
551 1890 631 1953 quos
658 1869 738 1932 mihi
761 1873 850 1933 terra
872 1873 997 1954 potens.

111 1955 212 2021 5Non
235 1960 345 2021 tamen
367 1956 486 2039 hospes
511 1959 587 2040 eris,
604 1978 665 2021 neo
682 1959 747 2021 iam
765 1961 860 2041 potes
879 1958 1003 2022 advena
1024 1957 1098 2039 diei,

182 2043 281 2109 Cuius
304 2044 404 2108 habet
425 2045 543 2109 fratres
567 2049 618 2109 tot
640 2045 754 2109 domus
778 2045 845 2109 alta
867 2046 969 2110 Remi.

136 2132 210 2196 Iure
232 2136 290 2197 tuo
313 2133 494 2197 veneranda
516 2134 592 2197 novi
614 2136 689 2216 pete
712 2133 825 2196 limina
847 2134 975 2217 templi,

180 2221 319 2285 Reddita
340 2221 446 2285 Pierio
470 2224 547 2285 sunt
569 2220 626 2284 ubi
648 2224 734 2285 tecta
757 2220 865 2286 choro.

136 2308 199 2373 Vel
221 2310 251 2373 si
274 2309 439 2392 malueris,
462 2309 568 2392 prima
591 2307 737 2390 gradiere
762 2306 901 2392 Subura,

94 2415 127 2463 10
180 2397 275 2461 Atria
298 2402 374 2462 sunt
396 2397 464 2461 illio
486 2395 628 2461 consulis
652 2396 719 2460 alta
742 2397 819 2460 mei:

137 2485 331 2571 Laurigeros
355 2482 491 2550 habitat
506 2482 663 2549 facundus
688 2481 791 2549 Stella
813 2487 961 2568 penates,

181 2573 295 2640 Clarus
317 2573 474 2639 Iantheae
498 2571 603 2656 Stella
627 2573 736 2637 sititor
759 2594 875 2656 aquae,

136 2663 223 2727 Fons
245 2662 293 2726 ibi
316 2662 478 2728 Castalius
501 2661 605 2726 vitreo
629 2664 771 2726 torrente
796 2660 955 2744 superbit,

181 2751 274 2816 Unde
297 2773 413 2816 novem
438 2751 583 2815 dominas
608 2771 702 2834 saepe
726 2749 848 2814 bibisse
871 2750 992 2813 ferunt:

93 2840 198 2905 151110
220 2839 311 2905 dabit
332 2838 453 2922 populo
477 2839 688 2923 patribusque
707 2838 871 2923 equitique
893 2838 1080 2923 legendum,

180 2927 249 2994 Nee
271 2928 408 2992 nimium
432 2927 525 2992 sieeis
549 2927 695 3011 perleget
717 2927 787 3011 ipse
811 2927 910 3011 genis.

137 3015 219 3093 Quid
241 3017 373 3080 titulum
396 3016 525 3100 poscis?
550 3037 659 3080 versus
682 3015 746 3080 duo
769 3019 875 3080 tresve
899 3016 1064 3100 legantur,

180 3104 377 3171 Clamabunt
400 3126 511 3169 onmes
534 3108 581 3189 te,
603 3104 699 3189 liber,
723 3125 793 3169 esse
816 3125 932 3168 meum.

567 3261 623 3329 IV.

136 3368 227 3444 Quod
250 3369 367 3434 Flaeoo
390 3367 555 3453 Varioque
578 3369 641 3433 fuit
666 3389 855 3451 summoque
878 3368 1005 3433 Maroni

179 3457 364 3543 Maecenas,
388 3458 493 3522 atavis
516 3458 647 3543 regibus
671 3461 762 3521 ortus
786 3477 897 3540 eques,

136 3545 293 3612 Gentibus
318 3550 351 3610 et
374 3546 504 3630 populis
527 3546 590 3611 hoo
612 3550 646 3610 te
669 3545 762 3629 mihi,
785 3543 894 3609 Prisce
918 3543 1062 3628 Terenti,

178 3634 280 3699 Fama
301 3635 402 3699 fuisse
425 3634 545 3718 loquax
567 3634 743 3718 ohartaque
767 3632 852 3696 dicet
875 3653 964 3697 anus.

108 3723 185 3789 sTu
207 3724 288 3789 faois
311 3722 491 3808 ingenium,
513 3726 563 3807 tu,
587 3722 615 3786 si
638 3722 714 3806 quid
736 3742 832 3805 posse
855 3721 1014 3803 ridemur3

179 3812 229 3876 Tu
253 3812 310 3879 das
332 3813 494 3899 ingenuae
517 3810 568 3877 ius
591 3810 678 3877 mibi
696 3808 868 3896 pigritiae.
