2408 4132
156 1157 159 1164 Ι
226 1187 317 1251 Editi
342 1190 461 1252 sunt-a
483 1186 633 1252 Martiale
656 1190 693 1252 ut
715 1185 831 1252 statuit
852 1185 1083 1253 Friedlaender

149 1394 233 1448 Liber
257 1395 479 1500 spectaculozum
499 1411 572 1449 anno
591 1401 624 1450 80
649 1395 713 1463 (setl-
727 1397 792 1463 post
816 1395 915 1450 addIta
933 1398 998 1450 sunt
1017 1394 1155 1468 epugrum·

184 1467 263 1519 mata
281 1473 306 1531 e,
326 1473 368 1532 22,
388 1472 422 1519 25
438 1469 456 1535 ).

149 1535 227 1589 Libri
244 1535 257 1588 I
276 1538 305 1589 et
323 1535 349 1588 Il
368 1537 418 1589 aut
437 1551 461 1589 a.
481 1540 515 1589 85
534 1537 583 1589 aut
603 1553 628 1589 a,
647 1541 689 1590 86.

149 1606 234 1659 Liber
251 1605 290 1659 ΙΙΙ
309 1608 358 1658 aut
377 1622 402 1659 a.
421 1612 455 1660 87
475 1608 525 1658 aut
542 1623 566 1660 a.
586 1611 627 1660 88.

150 1676 235 1730 Liber
252 1676 293 1731 IV
312 1678 428 1729 exeunte
447 1692 471 1729 a.
491 1681 532 1730 88.

149 1746 233 1800 Liber
251 1747 277 1798 V
296 1748 428 1801 autumno
447 1746 513 1799 anni
532 1753 573 1800 89.

149 1817 234 1871 Liber
251 1817 291 1870 VI
309 1819 417 1871 aestate
436 1819 485 1871 aut
503 1819 636 1870 autumno
656 1816 722 1870 anni
741 1823 783 1872 90.

149 1887 233 1941 Liber
250 1888 303 1942 VII
321 1890 438 1942 exeunte
457 1904 529 1941 anno
548 1893 590 1942 92.
630 1897 632 1901 ’

150 1958 234 2012 Liber
252 1958 317 2012 VIII
335 1975 407 2012 anno
427 1965 460 2014 93
479 1958 537 2013 fere
554 1958 656 2013 medio.

150 2028 237 2083 Liber
254 2030 292 2083 IX
312 2045 384 2084 anno
403 2037 438 2084 94
455 2030 514 2084 fere
530 2028 632 2084 medio.

149 2099 233 2154 Liber
250 2100 289 2152 X1
308 2117 380 2153 anno
400 2105 442 2165 et,
462 2101 500 2154 X’
518 2117 590 2154 anno
609 2107 643 2156 98
661 2101 720 2154 tere
738 2099 839 2155 med10.

149 2171 234 2224 Liber
252 2169 291 2223 XI
310 2170 505 2225 Saturnalibus
525 2170 591 2224 anni
609 2178 651 2227 96.

150 2241 235 2295 Liber
253 2241 305 2294 XII
322 2241 405 2296 initio
425 2241 491 2296 anni
510 2246 558 2296 101
580 2243 639 2308 (aut
658 2239 724 2295 anni
744 2245 814 2312 102).

31 2333 33 2353 ε
150 2311 228 2365 Libri
246 2312 310 2366 XIII
329 2314 359 2366 et
376 2312 441 2369 XIV
461 2311 655 2367 Saturnalibus
674 2311 741 2366 anni
759 2319 794 2367 84
813 2315 863 2366 aut
881 2317 923 2367 85.
