2408 4132
69 31 1198 247 κ

157 464 223 531 208
480 466 517 520 Μ.
536 464 618 519 VAL.
636 463 833 518 MARTIALIS

201 628 374 694 Nolentem
398 628 556 712 sequitur,
578 632 755 711 tenuesque
777 649 908 692 reversa
930 648 988 710 per
1011 648 1108 692 aures

243 715 307 781 Vel
328 717 408 800 pede
429 717 482 780 vel
504 720 611 800 tergo,
634 716 720 780 crine
743 717 796 780 uel
818 737 925 799 ungue
948 715 1052 801 sedet,

175 805 340 869 oLubrica
362 803 499 889 Corycio
522 803 670 888 quamvis
693 803 760 867 sint
781 804 909 889 pulpita
930 804 1042 869 nimbo

245 893 290 957 Et
311 892 442 978 rapiant
464 894 582 957 celeres
605 892 677 956 vela
697 895 819 975 negata
840 890 934 974 Noti,

201 978 336 1046 Securos
359 980 451 1064 pueri
473 981 621 1064 neglecta
643 980 848 1063 perambulat
871 985 974 1063 artus,

244 1069 290 1133 Et
311 1072 406 1133 nocet
429 1068 545 1132 artifici
567 1072 683 1132 ventus
705 1071 739 1131 et
760 1067 847 1132 unda
869 1068 978 1133 nihil-

200 1155 247 1221 Ut
268 1177 401 1241 peccare
422 1157 517 1239 velis,
540 1177 613 1220 cum
635 1156 749 1220 feceris
773 1156 895 1239 omnia,
917 1156 991 1220 falli

159 1261 191 1310 10
245 1244 320 1310 Non
341 1248 449 1329 potes:
473 1248 541 1308 arte
565 1265 645 1328 opus
668 1248 733 1327 est,
756 1248 793 1308 ut
810 1244 872 1308 tibi
893 1265 1009 1329 parma
1031 1245 1134 1310 cadat.

584 1399 733 1467 XXXIX

199 1507 310 1571 Prima
331 1506 479 1573 Palatino
503 1509 559 1572 lux
583 1518 632 1573 est
653 1508 733 1572 haec
756 1511 830 1573 orta
851 1507 1007 1592 Tonanti,
1045 1538 1059 1593 Ἰ

245 1595 400 1680 Optasset
423 1594 544 1679 Cybele
567 1619 630 1681 qua
653 1597 816 1680 peperisse
838 1596 962 1682 Iovem3

200 1683 271 1748 Hac
294 1686 326 1746 et
349 1687 461 1748 sancta
483 1684 547 1747 mei
570 1683 680 1768 genita
704 1689 752 1748 est
773 1683 931 1750 Caesonia
953 1682 1043 1751 Rufi:

244 1771 323 1835 Plus
347 1772 443 1835 debet
464 1773 562 1835 matri
583 1772 674 1836 nulla
697 1772 806 1856 puella
827 1794 912 1838 suae.

174 1859 356 1924 oLaetatur
379 1858 509 1945 gemina
530 1863 681 1924 votorum
704 1863 792 1924 sorte
815 1862 964 1945 maritus,

246 1946 392 2031 Contigit
414 1947 500 2012 hunc
521 1947 571 2011 illi
595 1949 680 2032 quod
702 1948 752 2013 bis
776 1971 884 2014 amare
907 1949 1001 2015 diem.

625 2104 691 2171 XL.

201 2211 353 2294 Tarpeias
376 2209 537 2276 Diodorus
561 2211 603 2276 ad
626 2234 760 2279 coronas

200 2299 336 2364 Romam
359 2322 431 2364 cum
454 2304 578 2382 peteret
599 2298 707 2365 Pharo
731 2300 858 2384 relicta,

200 2388 299 2453 Vovit
321 2409 380 2470 pro
403 2387 508 2452 reditu
530 2389 593 2452 viri
614 2386 791 2471 Philaenis,

200 2475 297 2540 Illam
319 2475 457 2561 lingeret
478 2479 516 2539 ut
538 2476 645 2560 puelle
668 2477 815 2562 simplex,

145 2594 148 2599 ’
174 2563 303 2638 tQuam
327 2568 435 2628 castae
459 2586 583 2648 quoque
607 2563 746 2649 diligimt
768 2563 913 2630 Sabinae.

202 2651 355 2737 Dispersa
378 2655 448 2716 rate
472 2653 622 2716 tristibus
645 2653 796 2736 procellis

199 2739 324 2804 Mersus
342 2740 493 2804 fluctibus
517 2741 714 2824 obrutusque
736 2743 837 2825 ponto

202 2828 252 2891 Ad
275 2832 388 2892 votum
411 2825 571 2892 Diodorus
595 2830 748 2894 enatavit.

201 2914 227 2979 Ο
250 2914 481 2978 terdus'nimis
506 2919 539 2980 et
560 2915 653 3000 piger
674 2917 823 2982 maritus!

159 3018 190 3067 ιο
201 3002 271 3067 Hoc
293 3002 328 3065 in
351 3002 447 3066 litore
471 3003 499 3067 si
521 3004 628 3085 puella
650 3007 762 3069 votum

200 3090 343 3155 Fecisset
365 3112 450 3174 mea,
471 3090 621 3176 protinus
643 3092 807 3157 redissem.

616 3249 699 3315 XLI.

200 3355 347 3439 Pontice,
370 3357 455 3440 quod
477 3378 642 3440 nunquam
664 3356 779 3436 futuis,
803 3357 859 3424 sed
881 3358 1004 3443 paelice
1025 3359 1119 3425 laeve

243 3443 353 3508 Uteris
377 3448 410 3509 et
433 3444 553 3509 Veneri
577 3444 677 3510 servit
700 3446 804 3512 amice
827 3469 955 3532 manus,

199 3530 270 3598 Hoc
280 3531 363 3597 nihil
372 3553 441 3597 esse
451 3533 569 3615 putas?
581 3534 684 3599 scelus
694 3537 754 3619 est,
765 3535 953 3619 mihicrede,
964 3535 1158 3621 sedingms,

244 3619 407 3696 Quantum
431 3622 484 3685 vix
508 3622 616 3686 animo
640 3623 780 3705 concipis
803 3623 873 3705 ipse
895 3628 961 3688 tuo

173 3706 324 3794 oNempe
348 3709 448 3774 semel
470 3710 582 3794 futuit,
606 3714 776 3794 generaret
798 3711 954 3776 Horatius
977 3717 1015 3778 ut
1037 3716 1119 3796 tres,

229 3795 326 3863 Mers
348 3798 467 3886 semel,
491 3801 529 3866 ut
554 3801 701 3889 geminos
720 3798 786 3866 llia
808 3803 900 3865 easta
920 3801 1026 3865 daret:
