2408 4132
92 296 156 360 298
422 294 459 351 Μ.
479 293 772 349 venustemus

137 457 298 533 Quantum
318 456 438 521 Lesbia
458 479 526 521 non
544 456 636 527 ,dedit
658 455 797 523 Catullo,

137 545 182 609 Te
205 545 325 610 vicinia
347 549 430 623 tota,
453 548 486 608 te
509 545 633 628 pilosus

112 633 275 698 5Hircoso
298 633 418 717 premit
440 633 550 697 osculo
575 633 721 717 colonus3

136 721 222 786 Hinc
245 723 346 786 instat
369 721 431 785 tibi
454 724 574 804 textor,
596 720 671 784 inde
693 721 788 799 fullo,

137 809 222 874 Hinc
244 812 336 874 sutor
358 809 453 873 modo
476 809 562 893 pelle
584 809 725 890 basiate,
834 852 840 870 .

136 896 223 962 Hinc
244 898 346 962 menti
369 896 516 962 dominus
538 896 729 981 pediculosi‚

2 1061 4 1064 y
136 985 204 1050 Nec
227 985 317 1049 deest
338 985 413 1050 bino
436 985 538 1049 oculis
562 988 595 1049 et
616 984 691 1048 inde
713 984 834 1069 lippus,

95 1089 128 1138 ιο
137 1072 343 1158 Fellatorque
365 1095 540 1157 recensque
565 1073 779 1156 cunnilingus.

136 1160 207 1226 Iam
229 1163 316 1226 tanti
336 1161 399 1225 tibi
420 1183 487 1225 non
508 1161 570 1225 fuit
592 1161 704 1225 redire.
831 1202 833 1206 ι

563 1370 630 1437 LX.

24 1469 28 1479 ’
137 1477 252 1543 Martis
275 1478 404 1542 alumne
427 1476 508 1560 dies,
530 1498 658 1541 roseam
677 1498 739 1562 quo
763 1475 914 1560 lampada
931 1479 1083 1562 primum

181 1565 364 1651 Magnaque
388 1564 503 1629 siderei
526 1565 663 1628 vidimus
688 1587 745 1629 ora
767 1564 831 1646 dei,

138 1652 174 1718 Si
195 1658 228 1718 te
250 1675 324 1716 rure
346 1653 409 1717 coli
431 1652 611 1735 viridesque
634 1652 768 1737 pudebit
791 1652 831 1716 ad
855 1675 942 1738 aras,

183 1741 245 1817 cui
266 1741 373 1805 fueras
395 1739 491 1805 Latia
513 1741 619 1804 cultus
641 1741 677 1804 in
699 1741 778 1805 urbe
800 1740 893 1805 mihi:

113 1830 189 1894 cDa
211 1830 351 1907 veniam,
375 1830 495 1893 servire
518 1829 597 1893 meis
622 1828 707 1912 quod
728 1829 804 1894 nolo
822 1827 1000 1916 Kalendis,

181 1919 227 1982 Et
250 1940 313 2001 quo
336 1940 407 1981 sum
430 1917 703 2021 genitusyvivere
725 1917 797 1981 luce
820 1918 902 1982 volo.

139 2005 251 2071 Natali
273 2006 395 2090 pallere
418 2026 490 2088 suo,
513 2026 554 2069 ne
578 2004 670 2070 calda
694 2003 823 2070 Sabello

183 2093 289 2177 Desit3
312 2097 344 2158 et
366 2099 403 2158 ut
425 2093 582 2177 liquidum
605 2097 698 2176 potet
720 2092 849 2158 Alauda
872 2114 1014 2179 merum,

137 2182 281 2248 Turbida
304 2183 442 2247 sollicito
465 2181 686 2246 transmittere
710 2179 858 2246 Caecubo
881 2203 990 2267 sacc03

98 2286 129 2335 ιο
182 2270 291 2355 Atque
313 2271 398 2334 inter
421 2291 549 2334 mensas
573 2271 633 2348 ire,
656 2269 760 2353 redire
783 2291 871 2351 suas3

138 2359 296 2444 Excipere
319 2359 379 2423 hos
401 2358 491 2441 illos,
513 2361 546 2421 et
568 2362 641 2422 tota
663 2378 794 2442 surgere
817 2360 897 2422 cena

182 2447 345 2511 Marmora
367 2447 544 2511 calcantem
565 2445 735 2531 frigidiora
758 2446 845 2530 gelu:

139 2533 227 2610 Quae
249 2535 332 2599 ratio
356 2538 419 2616 est,
441 2535 520 2599 haec
544 2540 659 2619 sponte
682 2556 740 2598 sua
762 2533 904 2618 perferre
927 2535 1082 2624 patique,

183 2621 271 2696 Quae
292 2627 325 2685 te
348 2622 376 2685 si
397 2622 509 2686 iubeat
530 2643 587 2686 rex
609 2623 835 2706 dominusque,
856 2622 979 2707 neges?

555 2815 637 2879 LXI.

138 2920 258 2986 Versus
283 2923 316 2984 et
336 2920 435 2984 breve
457 2919 663 3004 vividumque
685 2943 812 2986 carmen

137 3009 177 3074 In
199 3014 231 3073 te
254 3030 295 3072 ne
318 3007 447 3097 faciam,
469 3008 579 3092 times,
601 3009 753 3094 Ligurre,

137 3099 183 3164 Et
207 3097 323 3182 dignus
346 3096 435 3180 cupis
457 3096 520 3161 hoc
543 3101 630 3162 metu
652 3097 761 3162 videri.

140 3185 202 3251 Sed
224 3186 347 3250 frustra
368 3185 485 3249 metuis
509 3185 661 3270 cupisque
682 3185 813 3251 frustra.

113 3274 177 3338 cIn
199 3278 310 3339 tauros
333 3272 444 3357 Libyci
466 3276 564 3338 ruunt
586 3273 709 3357 leones,

137 3362 213 3427 Non
237 3365 312 3426 sunt
333 3362 551 3446 papilionibus
575 3362 714 3426 molesti.

139 3451 295 3534 Quaerere,
317 3472 445 3533 censeo,
468 3451 496 3514 si
519 3450 585 3536 legi
607 3450 752 3532 laboras,

138 3539 234 3625 Nigri
255 3538 388 3603 fornicis
412 3538 537 3603 ebrium
558 3542 702 3622 poetam,
792 3619 797 3628 ¹

131 3627 197 3705 Qui
217 3627 360 3696 carbone
382 3626 457 3697 rudi
478 3627 635 3688 nutrisse
657 3630 749 3695 crete.
