2408 4132
55 39 858 244 ’.κγ’-ψ’·

370 462 661 523 EPIGRAMMATON
679 465 746 522 ΠΒ.
765 466 825 522 XII.
1031 469 1094 535 301

540 626 655 693 LXIX.

140 730 193 796 Sic
214 735 368 816 tanquam
391 732 522 797 tabulas
545 733 758 817 scyphosque,
780 732 894 813 Paule,

140 819 258 884 Omnes
281 820 474 906 archetypos
497 821 597 885 babes
621 821 751 887 amicos.

547 960 644 1028 LXX.

138 1064 253 1130 Lintea
276 1066 376 1130 ferret
398 1065 487 1150 Apro
511 1066 617 1133 vatius
640 1088 714 1132 cum
736 1066 870 1132 romula
890 1089 994 1152 nuper

182 1154 227 1218 Et
250 1176 349 1237 supra
371 1155 519 1240 togulam
542 1155 633 1220 lusca
655 1154 781 1219 sederet
804 1176 884 1220 anus

139 1242 247 1325 Atque
270 1242 334 1307 olei
356 1242 479 1306 stillam
502 1241 594 1307 daret
616 1242 844 1308 enterocelicus
867 1246 995 1330 unctor,

182 1330 327 1395 Udorum
349 1331 483 1395 tetricus
507 1351 619 1395 censor
641 1333 675 1394 et
697 1352 792 1415 asper
814 1334 896 1396 erat:

112 1417 346 1503 oFrangendos
370 1418 484 1484 calices
506 1418 793 1503 effundendumque
814 1416 988 1485 Falernum
1030 1493 1032 1496 y

183 1504 367 1588 Clamabat,
390 1506 516 1571 biberet
539 1505 624 1590 quod
647 1507 742 1571 modo
765 1507 852 1571 lotus
876 1529 981 1591 eques.

137 1593 168 1658 Α
192 1616 267 1659 sene
291 1595 347 1659 sed
370 1597 543 1679 postquam
565 1599 680 1679 patruo
704 1616 817 1659 venere
840 1598 998 1680 trecenta,

182 1681 314 1747 Sobrius
338 1705 357 1746 a
378 1681 514 1747 thermis
537 1682 641 1747 nescit
663 1682 752 1747 abire
775 1682 914 1748 domum.

138 1769 165 1835 Ο
188 1774 344 1853 quantum
368 1771 505 1836 diatreta
527 1771 637 1837 valent
659 1773 693 1834 et
715 1771 856 1855 quinque
879 1771 1010 1838 comati!

94 1875 127 1923 10
181 1858 282 1943 Tunc,
307 1881 378 1924 cum
400 1881 523 1942 pauper
545 1862 629 1942 erat,
650 1881 716 1924 non
738 1859 870 1924 sitiebat
891 1858 989 1944 Aper.

135 2121 193 2188 Nil
216 2145 293 2206 non,
317 2122 440 2208 Lygdo,
462 2016 664 2208 mihffls
687 2123 830 2207 roganti:

136 2212 183 2274 At
205 2209 367 2295 quondam
389 2211 481 2294 mihi,
505 2210 631 2297 Lygde,
653 2210 702 2274 nil
723 2211 876 2296 negabas.

528 2367 659 2434 LXXH.

135 2474 253 2560 Iugera
275 2476 435 2538 mercatus
457 2495 558 2557 prope
580 2475 676 2539 busta
698 2472 837 2539 latentis
855 2474 953 2558 agelli

179 2563 224 2627 Et
246 2563 331 2626 male
354 2565 538 2644 compactae
560 2563 701 2627 culmina
722 2561 807 2626 fulta
828 2583 935 2646 casae,

136 2650 266 2717 Deseris
289 2649 441 2732 urbanas,
462 2653 520 2714 tua
542 2651 684 2733 praedia,
707 2649 893 2733 Pannyche,
915 2651 991 2716 lites

179 2739 359 2822 Parvaque,
382 2739 438 2802 sed
460 2740 556 2803 tritae
578 2737 721 2822 praemia
743 2740 832 2803 certa
852 2741 959 2823 togae.

109 2827 360 2910 oFrumentum,
383 2827 507 2890 milium
528 2827 730 2910 tisanamque
751 2825 923 2911 fabamque
947 2827 1074 2894 solebas

179 2914 326 2980 Vendere
348 2914 582 3000 pragmaticus,
603 2936 688 2981 nunc
710 2915 791 2980 emis
814 2915 967 3001 agricola.

518 3071 666 3139 LXXlII.

136 3182 295 3248 Heredem
317 3182 378 3245 tibi
400 3203 465 3263 me,
488 3179 629 3262 Catulle,
652 3179 741 3244 dicis.

134 3270 212 3337 Non
234 3270 374 3353 credam,
396 3269 460 3334 nisi
482 3269 605 3354 legero,
629 3264 764 3332 Catulle.

520 3424 665 3493 LXXIV.

134 3535 220 3600 Dum
243 3535 304 3599 tibi
326 3533 471 3598 Niliacus
494 3536 606 3618 portat
628 3530 783 3615 crystalla
806 3528 966 3614 cataplus,

179 3624 297 3706 Accipe
321 3623 359 3686 de
383 3623 466 3687 circo
489 3621 605 3706 pocula
627 3619 796 3684 Flaminio.

134 3710 180 3775 Hi
202 3711 307 3798 magis
331 3711 479 3794 audaces,
502 3731 543 3773 an
566 3711 641 3773 sunt
663 3707 718 3792 qui
740 3705 820 3773 talia
842 3706 977 3771 mittunt

179 3799 335 3864 Munera?
374 3797 436 3864 Sed
458 3797 608 3886 geminus
630 3796 754 3883 vilibus
772 3816 860 3860 usus
875 3795 989 3857 ineam
