2408 4132
327 333 623 391 EPIGRAMMATON
640 336 709 393 um.
724 321 825 391 *va
1006 337 1067 402 189

105 495 260 580 Diligeris
284 497 405 579 populo
428 519 495 561 non
517 502 651 581 propter
673 500 830 581 praemia,
853 497 985 584 Caesar,

151 584 288 666 Propter
310 589 344 647 te
366 586 505 670 populus
528 588 687 670 praemia,
710 585 844 670 Caesar,
868 592 965 653 amat.

534 716 599 782 LV.

106 804 246 868 Auditur
269 809 426 890 quantum
449 805 592 888 Massyla
614 829 670 890 per
694 808 767 871 avia
789 829 947 892 murmur,

148 893 322 958 Innumero
347 894 497 976 quotiens
520 895 604 959 silva
627 896 719 959 leone
741 895 835 978 furit,

105 980 251 1045 Pallidus
276 984 433 1046 attonitos
457 982 498 1046 ad
519 982 629 1047 Poena
652 983 793 1067 mapalia
815 987 929 1066 pastor

150 1068 231 1133 Cum
255 1074 386 1135 revocat
407 1075 518 1134 tauros
543 1073 575 1134 et
598 1071 667 1135 sine
690 1074 796 1135 mente
819 1093 928 1154 pecus:

77 1158 228 1222 5Tantus
251 1159 285 1222 in
307 1157 453 1223 Ausonia
475 1159 607 1223 fremuit
630 1159 726 1224 modo
750 1164 855 1224 terror
877 1160 1006 1224 harena.

150 1245 228 1322 Quis
250 1269 317 1311 non
340 1269 409 1310 esse
433 1268 565 1332 gregem
589 1248 752 1312 crederet?
776 1270 858 1312 unus
883 1252 963 1330 erat,

106 1332 167 1398 Sed
191 1336 279 1399 cuius
302 1338 478 1400 tremerent
501 1335 565 1418 ipsi
585 1357 715 1418 quoque
737 1336 809 1400 iura
832 1337 955 1420 leones,

149 1422 209 1489 Cui
232 1423 380 1487 diadema
403 1424 494 1487 daret
518 1445 677 1488 marmore
700 1425 787 1508 picta
809 1423 942 1489 Nomas

105 1511 132 1577 Ο
157 1515 314 1596 quantum
336 1534 393 1595 per
416 1512 500 1576 oolla
523 1513 632 1597 decus,
651 1534 746 1596 quem
769 1513 890 1597 sparsit
909 1512 1065 1579 honorem

61 1618 93 1665 10
149 1603 257 1664 Aurea
278 1601 421 1683 lunatae,
445 1622 516 1664 cum
541 1601 646 1684 stetit,
669 1601 784 1664 umbra
807 1601 914 1665 iubae!

104 1687 248 1753 Grandia
270 1711 368 1772 quam
391 1689 498 1753 decuit
519 1689 623 1753 latum
646 1690 808 1754 venabula
829 1694 941 1773 pectus

148 1776 337 1860 Quantaque
360 1777 399 1840 de
422 1798 541 1862 magna
565 1777 684 1863 gaudia
707 1781 811 1842 morte
834 1778 923 1842 tulit!

104 1864 196 1930 Unde
218 1866 299 1949 tuis,
322 1864 435 1948 Libye,
458 1870 527 1929 tam
548 1865 627 1929 felix
649 1866 754 1949 gloria
778 1866 891 1930 silvis?

147 1954 177 2017 A
200 1951 336 2037 Cybeles
358 1953 514 2037 numquid
536 1959 669 2017 venerat
691 1953 748 2017 ille
770 1954 871 2039 iugo?

59 2042 155 2107 15An
179 2042 283 2126 magis
305 2040 481 2123 Herculeo,
504 2039 708 2124 Germanice,
731 2042 821 2105 misit
844 2042 884 2105 ab
910 2047 998 2107 astro

146 2130 238 2194 Hanc
260 2131 321 2194 tibi
344 2130 395 2193 vel
417 2129 519 2193 frater
541 2130 593 2193 vel
615 2132 708 2213 pater
731 2130 801 2212 ipse
823 2128 948 2194 feram?

521 2260 605 2325 LVI.

102 2352 314 2436 Temporibus
337 2350 458 2414 nostris
482 2353 571 2413 aetas
595 2370 668 2413 cum
692 2348 784 2413 cedat
807 2370 940 2413 avorum

147 2439 291 2506 Creverit
313 2444 346 2503 et
368 2440 472 2503 maior
494 2460 567 2502 cum
591 2437 669 2502 duce
693 2437 797 2501 Roma
820 2459 892 2521 suo,
1096 2433 1141 2528 b(

101 2529 272 2612 Ingenium
296 2529 379 2592 sacri
402 2526 531 2591 miraris
555 2525 666 2590 deesse
689 2524 847 2608 Maronia,

146 2617 215 2682 Neo
238 2638 431 2700 quemquam
453 2618 547 2679 tanta
569 2614 656 2678 bella
679 2636 794 2678 sonare
817 2615 905 2678 tuba.

75 2706 175 2772 asint
196 2705 413 2783 Maecenates,
434 2725 501 2768 non
524 2703 670 2786 deerunt,
692 2700 823 2787 Flaoce,
845 2702 996 2768 Marones

145 2793 390 2880 Vergiliumque
413 2793 475 2857 tibi
497 2792 548 2856 vel
570 2796 628 2856 tua
650 2814 727 2855 rura
750 2791 882 2856 dabunt.

100 2883 218 2968 Iugera
241 2882 427 2968 perdiderat
448 2881 584 2945 miserae
607 2881 714 2945 vicina
737 2877 915 2945 Cremonae

143 2971 262 3037 Flebat
283 2974 316 3034 et
339 2970 494 3035 abductas
517 2968 650 3053 Tityrus
674 2989 770 3052 aeger
793 2991 882 3033 oves:

101 3060 188 3124 Risit
209 3058 331 3123 Tuscus
355 3080 466 3142 eques,
488 3060 775 3143 paupertatemque
799 3056 977 3141 malignam

57 3165 89 3212 10
143 3147 300 3232 Reppulit
322 3151 355 3210 et
377 3147 473 3211 celeri
495 3146 591 3210 iussit
614 3146 704 3209 abire
726 3145 814 3228 fuga.
1075 3143 1079 3147 ’

99 3237 237 3321 „Accipe
259 3236 390 3300 divitias
414 3238 448 3300 et
469 3246 579 3299 vatum
602 3234 760 3298 maximus
784 3236 867 3315 est03

143 3325 192 3388 Tu
216 3325 292 3390 licet
315 3329 348 3388 et
369 3322 535 3389 nostrum“
559 3323 641 3386 dixit
662 3320 800 3406 „Alexin
824 3321 940 3385 ames.“

98 3413 240 3478 Astabat
263 3413 384 3477 domini
408 3413 526 3476 mensis
548 3412 784 3497 pulcherrimus
806 3409 863 3473 ille

142 3502 325 3567 Marmorea
346 3501 484 3564 fundens
506 3501 601 3585 nigra
624 3499 763 3562 Falerna
785 3519 896 3580 manu,

55 3589 145 3654 15Et
168 3590 271 3654 libata
295 3590 394 3654 dabat
415 3589 517 3653 roseis
540 3586 706 3653 carchesia
727 3586 843 3668 labris,

141 3678 230 3754 Quae
250 3682 405 3762 poterant
427 3679 536 3764 ipsum
559 3676 742 3744 sollicitare
758 3674 895 3752 loram.
