2408 4132
385 333 680 390 EPIGRAMMATON
698 335 764 390 LIB.
783 336 831 390 VI.

145 494 192 558 Et
214 496 313 559 maris
337 494 460 581 Aegaei
484 519 612 581 sparsas
635 519 693 582 per
715 497 815 562 litora
838 498 976 563 conchas

189 583 235 647 Et
258 605 339 667 quae
363 581 518 668 Cecropio
542 587 652 649 monte
674 589 837 671 vagantur
860 609 950 671 apes,

118 671 298 755 siluaeque
322 677 439 736 sonant
461 673 557 756 pleno
580 695 738 758 vocesque
765 696 943 758 manusque
965 674 1109 758 theatro,

191 758 272 824 Cum
295 760 435 844 populus
460 761 560 824 subiti
583 761 732 826 Caesaris
756 783 813 826 ora
835 762 932 828 videt.

145 847 231 912 Nolo
256 852 336 931 quot
359 853 475 933 arguto
500 849 588 913 dedit
612 854 745 915 exorata
767 849 896 916 Catullo

190 934 322 1000 Lesbia:
345 959 449 1020 pauca
472 937 574 1021 cupit,
598 938 653 1022 qui
675 960 843 1004 numerare
865 942 982 1029 potest.

539 1095 670 1160 XXXV.

145 1197 277 1282 Septem
300 1200 485 1285 clepsydras
509 1223 628 1285 magna
649 1202 711 1266 tibi
734 1224 812 1267 voce
835 1203 958 1286 petenti

189 1287 322 1352 Arbiter
344 1290 481 1372 invitus,
505 1289 698 1374 Caeciliana,
723 1291 818 1355 dedit.
1104 1327 1118 1371 s

145 1374 191 1439 At
214 1381 251 1440 tu
274 1378 379 1442 multa
402 1378 454 1441 diu
479 1378 558 1443 dicis
581 1379 756 1462 vitreisque
779 1382 945 1462 tepentem
1104 1376 1105 1382 '

190 1463 353 1548 Ampullis
377 1469 470 1550 potas
495 1467 709 1550 semisupinus
733 1489 860 1551 aquam.

118 1551 191 1616 5Ut
213 1553 344 1617 tandem
368 1556 466 1619 saties
490 1576 664 1640 vocemque
688 1555 855 1639 sitimque,
877 1577 1045 1642 rogamus,

188 1640 260 1704 Iam
284 1642 322 1705 de
346 1643 527 1727 clepsydra,
551 1642 742 1721 Caeciliana,
765 1644 867 1708 bibas

531 1801 679 1867 XXXVI.

144 1906 291 1971 Mentula
305 1910 374 1971 tam
389 1928 508 1991 magna
522 1911 585 1991 est,
602 1910 743 1991 quantus
761 1908 836 1991 tibi,
849 1907 975 1994 Papile,
994 1931 1106 1993 nasus,

187 1994 234 2060 Ut
256 1996 376 2080 possis,
400 1996 548 2078 quotiens
572 1996 704 2081 arrigis,
728 1995 876 2062 olfacere.

1135 552 1164 595 Ι

522 2151 686 2217 XXXVlI.

144 2257 230 2322 Secti
251 2258 375 2342 podicis
398 2279 500 2341 usque
523 2258 563 2322 ad
586 2258 774 2322 umbilicum

142 2346 260 2411 Nullas
284 2346 451 2430 relliquias
474 2346 574 2410 habet
597 2345 770 2429 Charinus,

142 2434 187 2499 Et
209 2435 315 2518 prurit
337 2439 447 2498 tamen
468 2456 570 2519 usque
593 2434 634 2499 ad
656 2434 853 2500 umbilicum.

143 2523 170 2587 0
194 2527 315 2606 quanta
339 2524 446 2588 scabie
469 2524 567 2587 miser
588 2523 730 2588 laborat!

115 2609 260 2676 aOulum
282 2633 349 2676 non
370 2611 484 2696 habet,
507 2614 688 2676 esttamen
711 2611 871 2676 cinaedus.

511 2769 694 2835 XXXVIII.

142 2876 284 2961 Aspicis,
306 2879 344 2940 ut
365 2897 485 2960 parvus
509 2899 567 2941 nec
590 2877 695 2942 adhuc
716 2877 881 2942 trieteride
903 2877 1001 2962 plena

185 2964 331 3049 Regulus
355 2964 501 3029 auditum
524 2965 634 3030 laudet
656 2968 689 3029 et
711 2965 781 3049 ipse
803 2967 952 3050 patrem?

141 3052 371 3136 Maternosque
395 3052 485 3117 sinus
508 3054 578 3117 viso
601 3053 748 3137 genitore
771 3054 934 3137 relinquat

184 3140 230 3204 Et
252 3142 376 3225 patrias
400 3141 510 3204 landes
534 3141 653 3205 sentiat
676 3163 745 3206 esse
769 3141 866 3206 suas?

113 3228 210 3292 alam
234 3230 355 3293 clamor
377 3231 569 3313 centumque
592 3230 655 3293 viri
678 3230 874 3313 densumque
897 3252 1016 3295 corona

184 3316 310 3402 Vulgus
334 3320 368 3382 et
389 3317 507 3381 infanti
529 3316 615 3382 Iulia
637 3321 724 3382 tecta
746 3317 886 3402 placent.

139 3405 234 3470 Acris
258 3406 332 3489 equi
355 3405 484 3470 suboles
507 3427 626 3490 magno
650 3406 696 3469 sic
718 3406 849 3488 pulvere
874 3405 1006 3491 gaudet,

184 3491 237 3557 sic
259 3495 379 3559 vitulus
403 3493 497 3557 molli
518 3493 643 3578 proelia
664 3493 772 3558 fronte
796 3493 894 3579 cupit.

138 3581 195 3666 Di,
218 3587 358 3665 servate,
380 3603 506 3667 precor,
529 3581 626 3646 matri
649 3603 708 3646 sua
730 3583 808 3646 vota
830 3581 992 3664 patrique,

93 3686 126 3735 10
178 3669 304 3736 Audiat
327 3674 364 3736 ut
386 3673 504 3738 natum
523 3669 693 3762 Regulus,
709 3668 778 3736 illa.
798 3669 896 3736 duas.
