2408 4132
141 422 164 481 4
428 378 430 382 ’
471 418 508 472 n.
526 417 607 473 vin
625 417 822 472 manius

609 578 680 643 XII.

186 688 276 751 Inter
299 684 474 751 Caesareae
498 684 685 749 discrimina
709 707 806 749 saeva
828 681 953 751 Dianae

230 773 370 840 Fixisset
393 774 560 860 gravidam
583 795 656 837 cum
678 773 759 837 levis
782 773 879 837 hasta
902 795 1007 856 suem,

82 896 110 929 .·
187 864 311 928 Exiluit
333 869 445 947 partus
469 863 605 926 miserae
629 860 667 924 de
690 861 822 925 vulnere
846 862 972 926 matris.

232 950 257 1015 0
282 951 405 1014 Lucina
426 950 526 1029 ferox,
548 949 611 1013 hoc
633 949 797 1032 peperisse
821 949 905 1013 fuit?
1026 995 1027 998 ,

162 1039 337 1104 5Pluribus
361 1038 419 1101 illa
441 1037 523 1101 mori
546 1037 704 1101 voluisset
728 1036 836 1102 saucia
860 1036 949 1116 telis(
999 1039 1001 1047 '
1056 1117 1059 1122 Ι
1127 1049 1130 1055 ’

165 1197 166 1200 ¹
231 1127 389 1193 Omnibus
411 1129 448 1188 ut
471 1125 556 1189 natis
580 1125 675 1189 triste
697 1128 824 1209 pateret
847 1126 918 1189 iter.

601 1265 691 1330 XIII.

103 1373 265 1450 XIIrQuis
288 1375 389 1458 negat
412 1393 482 1436 esse
506 1375 613 1436 satum
638 1375 783 1437 materno
806 1372 918 1437 funere
941 1371 1129 1438 Bacchum?

232 1461 284 1526 Sic
307 1461 453 1545 genitum
475 1482 595 1524 numen
618 1459 751 1524 credite:
774 1465 852 1525 nata
875 1462 943 1526 fera
967 1464 1025 1525 es't.

92 1550 257 1615 Xlllllcta
281 1550 372 1634 gravi
395 1548 461 1613 telo
485 1548 696 1631 confossaquc
718 1549 852 1612 vulnere
876 1553 981 1613 mater

233 1637 294 1703 Sus
317 1635 440 1722 pariter
462 1636 563 1700 vitam
586 1636 726 1719 perdidit
750 1640 846 1721 atque
870 1637 967 1701 dedit.

95 1770 96 1774 =
189 1725 215 1791 O
239 1748 336 1809 quam
360 1728 449 1788 certa
470 1724 533 1787 fuit
556 1725 675 1788 librato
700 1725 832 1789 dextera
854 1725 955 1790 ferro!

78 1812 81 1819 ’
232 1813 326 1878 Hanc
349 1833 409 1897 ego
432 1811 572 1875 Lucinae
596 1813 690 1877 credo
713 1812 813 1877 fuisse
836 1836 976 1878 manum.
1018 1836 1020 1842 ·

162 1901 332 1986 aExperta
355 1903 405 1964 est
427 1922 545 1964 numen
568 1901 709 1966 moriens
731 1902 900 1985 utriusque
923 1901 1062 1984 Dianae,

232 1989 365 2073 Quaque
389 1989 497 2052 soluta
519 2011 635 2072 parens
659 2011 784 2074 quaque
807 1994 975 2074 perempta
997 1989 1068 2054 fera
1092 1997 1153 2057 est.

599 2146 690 2211 XIV.

147 2290 162 2309 ω
189 2252 250 2317 Sus
272 2253 342 2318 fera
365 2254 430 2316 iam
455 2253 585 2339 gravior
609 2253 728 2317 maturi
751 2252 888 2338 pignore
911 2253 1032 2318 ventris

230 2342 351 2406 Emisit
373 2342 490 2420 fetum,
513 2342 646 2406 vulnere
669 2342 755 2407 facta
778 2363 909 2424 parens;

188 2429 256 2495 Neo
278 2431 378 2494 iacuit
400 2434 527 2515 partus,
551 2430 605 2493 sed
629 2434 732 2494 matre
755 2430 889 2494 cadente
912 2431 1059 2496 cucurrit

233 2517 259 2583 O
285 2522 441 2601 quantum
465 2521 515 2582 est
539 2517 655 2581 subitis
679 2519 807 2582 casibus
830 2517 1010 2603 ingenium!

613 2674 682 2738 XV.

190 2780 322 2845 Summa
344 2784 435 2864 tuae,
457 2780 634 2865 Meleagro,
656 2781 718 2844 fuit
742 2805 824 2865 quae
847 2783 952 2867 gloria
974 2781 1094 2869 famae,

233 2868 397 2944 Quantum
421 2870 484 2932 est!
522 2866 724 2952 Carpophori
747 2871 854 2953 portio
877 2870 969 2936 fusus
993 2895 1080 2958 aper.

189 2957 251 3021 Ille
275 2961 308 3020 et
330 2956 502 3041 praecipiti
525 2957 685 3021 venabula
708 2959 851 3023 condidit
873 2982 963 3038 urso,
1048 3011 1049 3014 η
1130 2967 1133 2973 ’

235 3045 361 3108 Primus
385 3045 419 3108 in
442 3045 556 3109 Arctoi
581 3045 635 3128 qui
657 3045 721 3109 fuit
745 3068 816 3111 arce
840 3048 921 3131 poli,

165 3132 313 3199 aStravit
337 3136 369 3196 et
392 3133 505 3217 ignota
529 3135 739 3216 spectandum
762 3135 847 3199 mole
870 3136 1011 3220 leonem,

234 3221 410 3286 Herculeas
433 3221 541 3306 potuit
565 3220 620 3303 qui
642 3222 787 3287 decuisse
811 3246 939 3306 manus,

190 3311 235 3374 nt
257 3309 420 3375 volucrem
444 3310 541 3393 longo
565 3312 708 3392 porrexit
730 3311 863 3375 vulnere
886 3313 1031 3396 pardum.

235 3397 382 3462 Praemia
406 3420 477 3462 cum
501 3397 631 3461 tandem
654 3397 766 3480 ferret,
791 3398 894 3464 adhue
918 3406 1056 3484 poterat.

604 3556 690 3621 XVI.

58 3664 60 3670 '
190 3663 316 3748 Raptus
340 3663 409 3727 abit
432 3663 537 3727 media
556 3662 642 3746 quod
665 3662 705 3726 ad
728 3662 861 3728 aethera
879 3669 992 3730 taurus
1015 3664 1140 3734 harena

229 3751 307 3815 Non
331 3751 395 3816 fuit
417 3752 479 3816 hoc
502 3752 601 3837 artis,
624 3751 680 3816 sed
703 3752 836 3835 pietatis
860 3775 948 3838 opus
