2408 4132
255 1048 525 1123 PRAEFATIO
552 1048 686 1122 ANNO
715 1046 807 1122 1885
829 1050 1036 1124 SCRIPTA.

236 1314 422 1389 Quamquam
439 1314 689 1392 Schneidewinus,
707 1315 791 1374 cuius
809 1317 959 1392 lectiones,
976 1316 1146 1392 ubicunque

146 1406 290 1478 poteram,
312 1403 432 1480 retinui,
456 1403 573 1480 egregie
596 1403 743 1461 Martialis
766 1404 982 1480 epigrammata
1004 1405 1146 1481 restituit,

146 1495 248 1549 tamen
265 1509 325 1550 non
342 1490 452 1548 mirum
470 1494 524 1567 est,
547 1494 615 1567 post
632 1491 700 1567 plus
718 1491 845 1568 triginta
863 1511 956 1552 annos
973 1512 1033 1552 non
1050 1512 1147 1568 pauca

146 1579 239 1638 fuisse
261 1577 443 1656 corrigenda.
482 1579 546 1649 Quo
568 1578 601 1637 in
622 1579 743 1656 negotio
767 1579 945 1638 conficiendo
967 1599 1146 1657 magnopere

147 1666 268 1725 adiutus
295 1685 361 1725 sum
387 1672 424 1728 L.
449 1671 715 1738 Friedlaenderi,
747 1666 804 1724 viri
830 1666 917 1726 unice
945 1667 980 1725 de
1008 1668 1146 1726 Martiale

146 1755 259 1830 meriti,
287 1754 422 1813 doctrina
450 1757 481 1813 et
506 1754 705 1832 benignitate,
734 1753 786 1829 qui
813 1773 872 1813 non
895 1754 992 1813 solum
1013 1755 1045 1812 in
1068 1775 1146 1814 com-

146 1842 381 1901 mentationibus
408 1842 583 1901 academicis
612 1844 643 1901 et
668 1842 701 1900 in
726 1842 853 1901 historia
879 1862 994 1902 morum
1019 1835 1145 1923 (Sitten-

146 1930 315 2007 geschicbte
333 1924 438 2010 Roms)
460 1931 557 1988 multa
575 1929 722 1988 Martialis
742 1930 958 2007 epigrammata
976 1934 1030 1989 aut
1049 1951 1145 1991 emen-

145 2018 230 2078 davit
257 2021 312 2077 aut
338 2018 554 2094 interpretatus
580 2011 671 2099 est¹),
699 2018 750 2077 sed
778 2019 868 2077 etiam
894 2038 948 2095 per
969 2018 1087 2078 litteras
1109 2021 1144 2079 de

144 2106 303 2181 permultis
324 2126 372 2165 me
395 2106 523 2183 edocuit,
546 2109 576 2166 et
598 2107 796 2183 interroganti
817 2106 891 2164 mihi
912 2108 1091 2183 respondens
1115 2111 1145 2165 et

145 2195 182 2252 de
208 2194 282 2252 meis
314 2193 502 2270 opinionibus
533 2195 638 2254 subtili
669 2195 778 2254 iudicio
810 2194 982 2255 existimans
1014 2199 1045 2254 et
1076 2214 1145 2255 suas

146 2282 332 2358 aliorumque
356 2274 497 2364 (maxime
520 2274 652 2364 Munroi)
676 2284 861 2343 coniecturas
883 2303 943 2343 non
965 2303 1076 2359 paucas
1098 2304 1144 2343 co-

144 2371 234 2429 miter
264 2390 381 2430 mecum
412 2373 643 2431 communicans:
679 2372 838 2431 maximam
870 2373 965 2450 igitur
997 2373 1024 2431 ei
1053 2373 1145 2432 debeo

145 2459 281 2534 gratiam.

233 2551 498 2618 orthographiae
504 2540 530 2628 8)
548 2548 593 2606 ita
607 2566 709 2607 euram
721 2547 821 2622 habui,
839 2550 875 2606 ut
888 2565 984 2621 neque
999 2548 1037 2605 ad
1050 2548 1144 2604 mani-

144 2633 223 2692 festa
253 2633 443 2691 librariorum
473 2634 581 2693 menda
611 2634 721 2694 reverti
752 2654 846 2709 neque
874 2637 984 2693 temere
1014 2653 1033 2692 a
1060 2634 1144 2693 libris

144 2719 293 2780 discedere
316 2720 432 2779 vellem.
473 2719 639 2795 Aliquanto
661 2722 783 2780 liberior
804 2722 850 2779 fui
872 2722 904 2779 in
927 2723 969 2781 eis
991 2722 1144 2781 vocabulis

145 2807 319 2885 scribendis,
353 2826 478 2883 quorum
504 2810 587 2867 recta
613 2809 709 2867 forma
735 2828 771 2867 ex
797 2809 1040 2884 inscriptionibus
1071 2811 1143 2870 satis

145 2899 282 2975 apparet,
309 2895 495 2971 maximeque
518 2896 549 2954 in
572 2896 724 2955 vocalibus
747 2911 780 2972 e,
804 2910 862 2973 ac,
886 2909 939 2957 oe.
984 2897 1144 2956 Praeterea

144 2985 228 3044 nolui
251 3005 285 3043 ex
303 2983 388 3043 libris
407 2983 528 3061 optimis
549 2997 570 3043 c
591 3004 645 3060 pro
667 2982 717 3044 ch
738 2984 882 3059 recipere:
905 2986 968 3044 iure
987 3004 1052 3044 meo
1070 2986 1143 3044 mihi

216 3172 242 3239 1)
259 3169 341 3223 Nunc
357 3167 452 3238 prodit
469 3167 677 3222 Friedlaenderi
696 3168 782 3223 editio
799 3168 951 3237 Martialis,
974 3169 1052 3224 cuius
1071 3188 1143 3226 com-

143 3239 290 3308 mentario,
309 3255 478 3308 quamquam
491 3255 548 3292 non
565 3238 595 3292 in
610 3239 735 3308 exemplo
749 3239 887 3294 Martialis
903 3256 977 3294 ame
991 3241 1142 3296 constituto

143 3312 239 3363 tamen
256 3309 286 3362 in
303 3311 357 3363 hac
374 3309 549 3379 praefatione
567 3311 746 3363 retractanda
763 3327 851 3379 usque
870 3311 907 3364 ad
920 3311 1003 3364 finem
1015 3311 1081 3365 libri
1092 3313 1143 3366 VII

143 3380 187 3433 uti
225 3379 290 3434 otui

204 3399 242 3521 pa)
255 3450 374 3505 Uberius
389 3450 604 3521 orthographiae
619 3451 756 3505 rationem
769 3450 901 3505 reddidi'
893 3469 923 3504 m
936 3451 1143 3507 Friedlaenderi

144 3520 266 3576 editione
283 3521 502 3591 Martialist.
523 3527 673 3588 roa-119,
696 3520 745 3575 ubi
769 3538 840 3591 quae
865 3523 899 3575 de
923 3521 1040 3592 singulis
1058 3522 1143 3576 Plinii

142 3591 222 3645 libris
237 3592 328 3662 attuli,
343 3592 435 3647 Caroli
448 3540 593 3661 Mayhoflii
606 3565 777 3662 benignitati
792 3593 938 3646 debeo-
952 3593 1050 3647 lnhac
1083 3609 1143 3647 rae-

142 3661 257 3716 fationis
275 3665 368 3733 parte,
389 3679 446 3732 qua
464 3611 514 3715 riey
516 3663 599 3716 rebus
618 3662 839 3788 orthographicis
859 3661 977 3732 dissero,
1001 3680 1048 3718 eos
1063 3612 1143 3718 iocos

143 3749 212 3801 quos
231 3733 254 3788 Τ
271 3682 368 3823 habet
377 3733 522 3802 asterisco,
542 3748 589 3787 eos
607 3751 676 3803 quos
737 3733 825 3788 habet
843 3751 923 3789 cruce
941 3735 1044 3789 notavi.
