2408 4132
90 422 133 486 42
416 419 454 474 M.
472 418 555 473 Vno.
574 418 770 474 MARTIALIS

135 583 268 668 Spectas
292 581 557 666 eschatocollion,
581 579 711 666 Severe,

135 672 179 735 Et
202 672 317 755 longas
341 671 444 734 trahis
469 669 685 735 oscitationes.

108 757 225 824 oHaec
248 761 341 841 sunt,
365 780 446 841 quae
469 758 633 842 relegente
657 780 708 822 me
732 759 858 823 solebas

135 846 242 931 Rapta
265 846 457 927 exscribere,
481 845 536 909 sed
559 845 756 924 Vitellianis,

134 934 223 999 Haec
246 938 335 1017 sunt,
359 934 488 1017 singula
510 955 591 1016 quae
615 933 688 997 sinu
709 932 837 998 ferebas

133 1022 196 1086 Per
221 1022 371 1088 convivia
393 1025 521 1103 cuncta,
544 1043 603 1105 per
624 1022 765 1103 theatra,

121 1110 223 1174 'Haec
247 1113 322 1174 sunt
345 1113 401 1174 aut
424 1110 558 1173 meliora
582 1109 610 1173 si
633 1132 697 1192 qua
719 1109 833 1173 nescis.

92 1216 124 1262 10
135 1198 219 1274 Quid
241 1197 373 1283 prodest
396 1197 476 1261 mihi
498 1201 566 1260 tam
591 1218 697 1260 macer
719 1196 864 1281 libellus,

133 1286 234 1351 Nullo
258 1287 396 1350 crassior
418 1289 455 1349 ut
478 1285 521 1349 sit
544 1284 709 1369 umbilico,

136 1373 171 1438 si
193 1377 284 1438 totus
305 1374 367 1437 tibi
386 1374 496 1438 triduo
518 1373 670 1458 legatur?

134 1461 309 1545 Nunquam
333 1461 465 1525 deliciae
489 1462 678 1544 supiniores.

133 1549 254 1614 Lassus
277 1553 345 1613 tam
369 1551 433 1614 cito
457 1548 565 1613 deficis
588 1549 708 1632 viator,

91 1638 177 1702 15Et
200 1660 273 1703 cum
297 1659 423 1702 currere
446 1637 562 1701 debeas
584 1635 744 1719 BovillaS‚

132 1726 356 1811 Interiungere
380 1725 507 1810 qnaeris
531 1725 571 1788 ad
593 1723 776 1789 Camenas?

132 1814 148 1878 I
170 1834 270 1899 nunc,
292 1812 384 1877 edere
408 1834 458 1876 me
481 1812 556 1877 iube
578 1812 718 1876 libellos.

552 1925 624 1991 VII.

133 2016 305 2081 Declamas
328 2016 427 2098 belle,
449 2037 562 2080 causas
586 2015 669 2100 agis,
692 2013 815 2098 Attice,
837 2015 937 2098 belle,

16 2180 20 2186 ,
175 2104 342 2170 Historias
368 2104 484 2186 bellas,
507 2103 649 2168 carmina
672 2102 759 2166 bella
781 2102 875 2186 facia,

134 2191 310 2277 Componis
332 2192 418 2257 bella
441 2193 572 2275 mimos,
596 2192 833 2276 epigrammata
855 2191 953 2272 belle,

176 2281 288 2345 Bellus
312 2280 558 2366 grammaticus,
580 2280 685 2344 bellus
709 2300 743 2342 es
767 2279 964 2363 astrologus,

107 2369 177 2433 5Et
198 2370 284 2434 belle
307 2372 419 2434 cantas
443 2372 476 2432 et
500 2370 614 2450 saltas,
636 2366 760 2451 Attice,
784 2367 881 2450 belle,

175 2455 288 2522 Bellus
312 2479 345 2522 es
370 2462 439 2522 arte
462 2458 566 2540 lyrae,
589 2456 694 2520 bellus
717 2476 752 2518 es
775 2458 844 2518 arte
866 2455 962 2536 pilae.

132 2543 189 2609 Nil
212 2546 293 2609 bene
316 2568 389 2610 cum
412 2545 526 2627 facias,
548 2544 649 2608 facias
672 2546 781 2606 tamen
804 2543 912 2607 omnia
934 2542 1032 2626 belle,

175 2631 236 2696 Vis
260 2633 364 2697 dicam
387 2632 464 2717 quid
487 2632 554 2696 sis?
576 2651 715 2716 magnus
738 2651 772 2693 es
797 2629 927 2694 ardalio.

545 2745 635 2809 VIII.

133 2831 167 2897 Si
191 2856 254 2917 qua
276 2833 472 2899 videbuntur
494 2834 617 2898 chartis
639 2834 715 2916 tibi,
737 2835 851 2916 lector,
874 2833 908 2897 in
930 2831 1003 2896 istis

177 2920 251 2987 Sive
275 2922 412 2986 ob‘scura
433 2921 530 2985 nimis
554 2923 621 2986 sive
644 2922 747 2985 latina
769 2944 898 3005 parum,

132 3008 207 3073 Non
230 3031 319 3074 meus
344 3014 394 3074 est
417 3031 520 3074 error:
542 3010 653 3074 nocuit
674 3010 826 3074 librarius
848 3009 928 3088 illis,

47 3142 51 3153 ·
176 3097 263 3161 Dum
287 3103 441 3182 properat
464 3120 575 3162 versus
599 3098 809 3163 adnumerare
831 3099 902 3162 tibi.

106 3184 224 3259 oQuod
248 3185 276 3249 si
298 3208 363 3250 non
385 3186 490 3269 illum,
513 3187 569 3250 sed
592 3209 643 3250 me
666 3208 815 3271 peccasse
836 3186 982 3271 putabis,

176 3273 267 3338 Tunc
291 3295 351 3360 ego
374 3278 406 3338 te
430 3275 557 3340 credam
580 3274 684 3340 cordis
708 3275 828 3340 habere
850 3274 942 3338 nihil.

131 3359 219 3444 „Ista
228 3364 338 3426 tamen
348 3364 435 3427 mala
446 3367 547 3428 sunt.“
562 3363 661 3440 Quasi
669 3385 730 3427 nos
740 3362 915 3427 manifesta
924 3383 1093 3448 negemus:

175 3448 265 3515 Haec
288 3451 375 3515 mala
397 3456 486 3530 sunt,
510 3452 565 3516 sed
588 3456 624 3516 tu
648 3473 714 3516 non
736 3451 870 3515 meliora
892 3450 983 3516 facis

562 3574 609 3638 IX

132 3657 267 3746 Scripsi,
289 3662 456 3745 rescripsit
478 3663 524 3726 nil
545 3625 684 3740 Naevia,
706 3684 773 3727 non
796 3661 886 3726 dabit
910 3681 996 3746 ergo.

173 3749 238 3813 Sed
257 3755 341 3833 puto
365 3752 451 3835 quod
475 3751 590 3835 scripsi
612 3751 751 3837 legerat:
775 3771 852 3836 ergo
876 3749 975 3814 dabit.
