2408 4132
76 292 78 301 ι

91 466 179 545 322“
415 481 453 536 n.
474 479 553 536 vsu.
572 479 770 533 nunnius

476 641 712 723 Quinquiplices.

137 745 241 812 Caede
264 748 472 812 iuvencorum
497 747 618 811 domini
641 746 726 810 calet
750 769 825 810 area
847 746 939 830 felix,

180 835 398 920 Quinquiplici
421 857 494 900 ocra
517 857 589 899 cum
614 834 708 898 datur
731 836 816 898 ultus
838 833 951 898 honos.

398 974 438 1041 V.
462 975 637 1058 Pugillares
658 975 788 1040 eburnei.

136 1079 304 1166 Languida
326 1103 366 1144 ne
389 1083 502 1145 lrisles
526 1081 699 1145 obscurent
721 1080 845 1143 lumina
867 1101 972 1163 cerae,

181 1168 285 1252 Nigra
307 1168 368 1234 tibi
389 1170 518 1234 niveum
541 1171 651 1233 littera
672 1168 788 1251 pingat
811 1168 898 1233 ebur.

519 1310 674 1391 Triplices

138 1415 263 1480 Tunct
249 1415 394 1499 triplices
416 1417 546 1479 nostros
570 1436 636 1478 non
659 1414 737 1478 vilia
761 1414 845 1478 donc
867 1417 926 1495 nul
912 1413 1016 1498 labis,

182 1502 263 1569 Cum
286 1525 320 1568 se
343 1505 513 1568 venturam
537 1503 657 1567 scribet
681 1501 786 1567 amica
808 1500 878 1565 libi

351 1641 425 1707 VH.
447 1643 555 1725 Puyill
555 1663 625 1708 ares
645 1643 839 1707 membranei.

138 1748 220 1813 Esse
242 1751 322 1833 pulo
345 1769 448 1830 cerus,
472 1747 548 1812 licet
569 1748 650 1812 haec
672 1748 861 1812 membrana
883 1750 1034 1812 vocetur:

182 1836 327 1918 Delebis,
351 1837 498 1919 quotiens
523 1835 643 1919 scriptu
664 1857 784 1900 novero
807 1836 904 1900 voles.

514 1976 680 2041 Vitellium.
744 1991 747 1995 ’

139 2073 293 2139 Nondum
315 2073 432 2156 legerit
454 2073 514 2137 hos
537 2073 614 2138 licei
636 2074 757 2156 puella,

139 2161 242 2228 Novit
265 2162 341 2245 quid
365 2162 497 2246 cupiant
518 2159 697 2226 Vitelliani.

549 2302 645 2368 Idem.

140 2401 234 2476 Quod
257 2399 407 2463 minimos
432 2399 547 2483 cernis,
571 2399 658 2464 mini
679 2421 740 2465 nos
764 2399 865 2464 credis
889 2400 1025 2466 amicae.

183 2487 333 2552 Falleris:
358 2491 394 2552 et.
411 2508 561 2552 nummos
584 2488 648 2553 isla
670 2487 793 2552 labella
815 2491 920 2573 rogali.

417 2626 457 2691 X
482 2625 582 2691 Oli
520 2631 582 2690 iuri
581 2647 617 2691 ue
639 2629 778 2692 maiores.

143 2722 216 2788 Non
240 2726 303 2806 esl,
325 2745 458 2787 munera
481 2724 566 2806 quod
587 2727 646 2807 pul
648 2746 681 2787 es
704 2725 837 2810 pusilla,

140 2809 222 2876 Cum
245 2811 344 2875 donat
330 2816 484 2876 tvacuas
508 2815 584 2894 poet
585 2834 605 2874 a
570 2811 718 2876 ttohar
706 2821 764 2877 t.as

431 2949 563 3014 Olarlee
584 2953 765 3032 epistolares

142 3054 204 3120 Seu
227 3055 343 3119 leviter
364 3058 456 3138 not0‚
480 3076 536 3119 seu
559 3077 634 3120 caro
656 3058 756 3122 missa
779 3060 881 3125 sodali

185 3143 304 3208 Omnes
328 3145 392 3207 isla
416 3143 499 3207 solet
522 3143 635 3209 charia
657 3168 772 3213 vocare
794 3169 878 3213 suos.

421 3283 494 3352 XII.
516 3285 625 3351 Lucili
646 3288 776 3354 eburnei.

139 3381 210 3448 Hos
233 3381 299 3446 nisi
320 3380 359 3444 de
382 3380 466 3446 flava
488 3382 612 3448 loculos
636 3384 770 3468 implere
794 3389 924 3450 monela

183 3469 260 3535 Non
282 3470 385 3534 docet:
409 3474 581 3555 argenium
602 3472 680 3537 vilia
703 3474 793 3558 ligna
814 3472 930 3538 ferani.

482 3612 592 3677 Loculi
614 3614 714 3695 liunei.

137 3714 173 3780 Si
197 3715 274 3800 quid
297 3716 400 3781 adhuc
423 3718 601 3800 superest
593 3740 626 3781 1n
649 3720 754 3783 nostri
777 3720 865 3785 faece
888 3721 1011 3807 locelli,

171 3804 295 3873 Munus
320 3808 392 3874 erit.
369 3805 525 3884 lNihil
549 3807 642 3873 oslc'
634 3829 708 3894 soso
725 3808 866 3875 loculus
886 3808 960 3875 stis
