2408 4132
141 419 207 485 290
467 422 506 477 Μ.
525 421 607 477 VAL.
628 421 825 476 MARTIALIS

145 585 340 663 15Quamvis
363 607 428 650 non
451 585 577 649 modico
601 585 728 649 calcant
751 584 935 668 spectacula
959 585 1050 671 sole,

230 673 313 739 Vela
335 675 544 756 reducuntur,
568 694 639 737 cum
662 672 752 737 venit
777 672 1009 758 Hermogenes.

186 761 354 828 Festinant
376 762 495 844 trepidi
520 761 741 846 substringere
765 761 901 825 carbasa
922 765 1062 848 nautae,

231 851 283 914 Ad
306 855 435 933 portum
460 850 609 934 quotiens
633 849 742 933 paruit
765 848 999 934 Hermogenes.

186 938 329 1023 Linigeri
350 938 482 1023 fugiunt
505 937 587 1002 calvi
611 938 807 1020 sistrataque
830 937 941 1022 turba,

143 1042 176 1090 20
231 1026 320 1091 Inter
343 1028 514 1090 adorantes
538 1048 609 1089 cum
633 1026 725 1089 stetit
748 1023 981 1110 Hermogenes.

186 1114 238 1179 Ad
252 1136 362 1180 cenam
376 1112 598 1199 Hermogenes
618 1135 768 1196 mappam
787 1134 852 1178 non
866 1114 980 1179 attulit
993 1136 1161 1201 unquam,

229 1202 260 1268 A
283 1224 360 1267 cena
384 1224 509 1286 semper
531 1201 658 1266 rettulit
679 1199 911 1287 Hermogenes.

593 1358 694 1424 XXX.

187 1464 310 1551 Siccus,
334 1467 460 1532 sobrius
484 1471 535 1531 est
557 1463 659 1550 Aper3
683 1464 759 1550 quid
783 1464 823 1528 ad
847 1465 920 1530 mc?

188 1553 322 1620 Servum
346 1555 392 1620 sic
415 1576 476 1640 ego
499 1553 611 1637 laudo,
632 1576 698 1618 non
722 1553 885 1624 amicum„

586 1709 703 1775 XXXI.

187 1818 258 1884 Hoc
281 1840 408 1900 nemus,
429 1816 464 1880 hi
487 1815 608 1900 fontes,
631 1816 710 1879 haee
733 1817 855 1881 textilis
878 1817 994 1882 umbra
1018 1821 1133 1905 supIni

231 1906 394 1989 Palmitis,
417 1905 479 1968 hoc
501 1906 611 1988 riguae
635 1904 753 1969 ductile
775 1906 894 1969 flumen
918 1928 1034 1992 aquae,

187 1995 348 2078 Prataque
372 2015 430 2058 nec
453 1991 557 2057 bifero
581 2014 709 2057 cessura
731 1993 856 2075 rosaria
876 1993 1011 2078 Paesto,

232 2082 385 2167 Quodque
408 2081 492 2146 viret
514 2080 587 2145 Iani
609 2103 718 2145 mense
740 2104 799 2147 nec
821 2082 912 2167 alget
934 2082 1047 2168 holus,

162 2172 339 2257 oQuaeque
361 2173 454 2235 natat
478 2169 574 2234 clusis
598 2169 743 2255 anguilla
766 2170 942 2235 domestica
964 2170 1130 2260 lymphis,

232 2260 382 2344 Quaeque
406 2259 491 2344 gerit
514 2258 635 2322 similes
659 2258 794 2323 candida
815 2258 915 2322 turris
938 2281 1032 2345 aves,

187 2349 320 2414 Munera
343 2352 418 2411 sunt
438 2347 595 2412 dominae:
617 2351 693 2432 post
717 2347 853 2430 septima
873 2347 978 2411 lustra
997 2369 1134 2418 reverso

231 2437 299 2501 Has
322 2435 476 2500 Marcella
499 2436 610 2499 domos
634 2457 796 2519 parvaque
818 2455 919 2520 regna
941 2434 1041 2501 dedit.

188 2524 222 2591 Si
245 2525 326 2589 mihi
347 2524 507 2590 Nausicaa
528 2523 654 2608 patrios
677 2524 865 2588 concederet
887 2523 1016 2608 hortos,

145 2630 177 2679 10
231 2613 368 2679 Alcinoo
391 2634 520 2697 possem
544 2611 648 2677 dicere
670 2611 775 2696 „Malo
799 2610 916 2675 meos.“

576 2768 711 2834 XXXII.

188 2874 392 2941 Oluliarum
416 2873 550 2938 dedecus
573 2874 805 2958 Kalendarum,

187 2962 277 3047 Vidi,
301 2963 456 3046 Vacerra,
479 2963 622 3027 sarcinas
645 2966 732 3046 tuae,
753 2963 832 3046 vidi3

189 3052 274 3128 Quas
296 3074 363 3116 non
385 3053 530 3115 retentas
553 3051 707 3135 pensione
729 3072 787 3134 pro
811 3051 900 3116 bima

187 3141 346 3205 Portabat
368 3161 449 3203 uxor
472 3137 543 3202 rufa
566 3139 706 3203 crinibus
730 3141 855 3222 septem

161 3230 233 3295 oEt
256 3251 327 3294 cum
351 3248 460 3292 sorore
483 3248 562 3291 cana
585 3231 689 3290 mater
710 3226 846 3311 ingenti.

187 3317 301 3382 Furias
323 3317 436 3400 putavi
458 3319 552 3380 nocte
574 3315 661 3379 Ditis
686 3337 834 3380 emersas.

188 3407 257 3471 Has
280 3408 317 3470 tu
339 3407 462 3489 priores
484 3404 605 3489 frigore
628 3406 661 3469 et
682 3402 769 3467 fame
792 3403 894 3468 siccus

188 3495 233 3559 Et
255 3515 321 3558 non
343 3493 463 3559 recenti
486 3492 627 3577 pallidus
650 3493 754 3577 magis
777 3492 863 3556 buxo
896 3520 897 3524 ¹

187 3584 258 3647 Irus
282 3587 411 3647 tuorum
433 3586 614 3665 temporum
640 3581 834 3663 sequebaris.

145 3688 177 3736 10
188 3670 329 3755 Migrare
353 3670 469 3735 clivum
493 3669 634 3734 crederes
657 3669 833 3733 Aricinum.

180 3759 261 3825 Ibat
283 3761 384 3846 tripes
407 3758 562 3847 grabatus
586 3761 619 3822 ct
641 3757 733 3842 bipes
757 3777 882 3838 mensa,
