2408 4132
142 341 206 405 356
425 338 541 392 maur
559 337 860 393 aercaxrrrrx'rox.

143 498 217 552 Haec
232 514 303 565 quae
317 498 380 551 tota
391 498 474 565 patet
486 496 648 565 tegiturque
663 498 692 549 et
705 513 843 550 marmore
858 498 887 549 et
900 513 968 551 auro
1043 499 1094 567 IX,
1114 505 1156 556 26.

143 569 217 622 Haec
234 567 310 637 rapit
328 566 431 620 Antaei
448 567 531 620 velox
548 566 579 619 in
596 566 711 635 pulvere
730 567 869 622 draucos.
897 611 903 623 .
1015 568 1099 637 XIV,
1113 578 1156 626 48.

143 639 217 693 Haec
237 638 360 692 servavit
378 637 437 691 avis
456 637 576 705 Tarpeia
593 638 700 706 templa
718 637 867 693 Tonantis.
895 681 902 694 .
930 680 938 695 .
966 680 974 695 .
1016 639 1093 710 XIII,
1115 648 1156 696 74.

143 708 217 763 Haec
237 712 302 762 sunt
319 709 370 762 illa
387 707 444 760 mei
462 725 533 774 quae
552 707 666 760 cernitis
686 725 735 761 ora
753 707 867 762 Camoni
897 751 903 763 .
931 750 939 765 .
968 750 975 765 .
1042 710 1093 778 IX,
1113 718 1154 767 76.

144 780 218 834 Η666
236 779 291 833 tibi
308 778 430 833 brumali
448 778 602 847 gaudentia
620 778 724 846 frigore
743 795 813 846 rapa
827 822 975 835 .....
1014 780 1093 850 XIII,
1114 788 1154 837 16.

141 850 218 918 Haec
235 850 290 905 tibi
309 852 390 903 erunt
408 851 516 902 armata
534 865 584 902 suo
602 848 765 917 graphiaria
782 849 856 902 ferro
897 892 904 905 .
933 892 939 905 .
968 892 975 905 .
1014 851 1092 921 XIV,
1112 859 1152 907 21.

144 921 218 975 Haec
236 921 291 973 tibi
309 919 473 988 Memphitis
492 919 577 972 tellus
596 919 646 973 dat
663 936 791 973 munera:
809 918 886 974 victa
904 920 947 973 est
967 963 973 975 .
997 920 1075 990 XIV,
1095 929 1152 978 150.

143 993 218 1045 Haec
236 991 290 1044 tibi
307 989 460 1058 multiplici
478 1006 549 1057 quae
564 991 672 1043 structa
690 991 733 1043 est
750 1006 845 1043 massa
861 989 970 1044 tabella
995 990 1072 1060 XIV,
1096 1001 1152 1048 192.

144 1063 218 1116 Η666
236 1062 299 1129 tibi,
317 1079 374 1116 non
392 1060 457 1127 alia,
477 1061 575 1114 estad
594 1076 692 1114 cenam
710 1076 796 1114 causa
812 1060 932 1114 vocandi
966 1103 973 1117 .
1040 1062 1091 1130 HI,
1112 1071 1151 1119 50.

144 1134 219 1187 Haec
236 1132 298 1200 tibi,
317 1131 462 1185 Palladiae
482 1148 531 1184 seu
549 1130 668 1184 collibus
687 1131 774 1185 uteris
792 1130 895 1188 Albae.
933 1173 940 1187 .
969 1175 975 1188 .
1073 1132 1152 1203 V,1„

144 1204 219 1257 Haec
236 1203 292 1256 tibi
309 1220 360 1272 pro
378 1205 445 1256 nato
462 1202 548 1271 plena
566 1201 616 1255 dat
633 1201 726 1255 laetus
745 1218 869 1256 acerra.
897 1246 904 1257 .
934 1245 940 1258 .
969 1246 976 1258 .
1039 1203 1091 1274 IV,
1110 1212 1150 1259 45.

144 1275 219 1328 Haec
237 1274 292 1327 tibi
310 1289 381 1342 quae
400 1273 492 1327 fontes
512 1274 541 1326 et
559 1289 694 1339 aquarum
711 1272 826 1326 nomina
844 1271 914 1325 dicit
932 1316 938 1328 .
969 1316 975 1329 .
999 1273 1077 1340 XIV,
1095 1283 1149 1331 196.

144 1346 219 1399 Haec
238 1345 292 1398 tibi
311 1361 382 1413 quae
401 1346 477 1397 torta
494 1345 631 1397 venerunt
649 1344 762 1397 condita
779 1345 868 1398 meta.
897 1387 904 1398 .
933 1387 939 1398 .
968 1387 974 1400 .
1012 1345 1091 1412 XIII,
1110 1353 1149 1402 28.

144 1416 218 1470 Haec
237 1415 292 1468 tibi
311 1418 384 1468 sorte
404 1414 487 1468 datur
504 1413 648 1482 tergendis
668 1427 792 1483 spongea
809 1412 914 1467 mensis
933 1457 939 1469 .
969 1456 975 1470 .
1000 1415 1076 1484 XIV,
1094 1423 1149 1472 144.

145 1487 219 1541 Haec
237 1486 292 1539 tibi
309 1486 425 1538 turbato
445 1484 585 1538 Canusina
603 1483 747 1538 simillima
764 1485 868 1540 mulso.
896 1528 902 1540 .
931 1527 938 1541 .
967 1527 973 1541 .
997 1485 1074 1553 XIV,
1093 1493 1149 1542 127,

144 1556 271 1610 Haedina
289 1556 344 1609 tibi
361 1555 436 1623 pelle
455 1554 617 1622 contegenti
649 1598 974 1611 ..........
1027 1557 1090 1626 1ΠΙ,
1109 1565 1148 1613 46.

145 1628 222 1680 Hanc
240 1626 294 1679 tibi
313 1625 452 1678 Cumanae
469 1624 655 1677 rubicundam
671 1625 786 1692 pulvere
804 1627 896 1679 terrae
933 1669 939 1682 .
969 1669 975 1681 .
999 1626 1077 1695 XIV,
1094 1635 1148 1683 114.

145 1699 223 1750 Hanc
241 1695 304 1762 tibi,
322 1696 425 1748 Fronto
443 1697 533 1763 pater,
552 1694 680 1762 genetrix
694 1695 836 1763 Flaccilla,
854 1694 981 1765 puellam
1053 1697 1090 1766 V,
1109 1705 1147 1753 34.

145 1769 222 1820 Hanc
240 1766 294 1820 tibi
313 1765 485 1832 Sequanicae
503 1763 637 1833 pinguem
655 1765 782 1819 textricis
802 1767 944 1820 alumnam
967 1811 973 1824 .
1039 1767 1090 1837 IV,
1110 1777 1147 1825 19.

145 1839 222 1892 Hane
239 1836 312 1903 volo,
332 1852 404 1903 quae
422 1835 522 1901 facilis,
544 1851 616 1903 quae
633 1835 783 1904 palliolata
800 1839 938 1906 vagatur.
968 1881 974 1894 .
1030 1839 1090 1910 IX,
1109 1847 1147 1895 32.

145 1909 201 1961 Has
220 1925 283 1960 cum
301 1906 414 1975 gemina
432 1906 565 1974 compede
584 1906 697 1961 dedicat
715 1910 829 1961 catenas
861 1952 868 1963 .
897 1952 903 1964 .
932 1951 939 1964 .
968 1952 974 1964 .
1039 1909 1089 1978 HI,
1109 1918 1147 1966 29.

145 1980 229 2045 Have,
248 1979 288 2032 mi
305 1977 416 2045 Torani,
435 1977 523 2030 frater
541 1977 683 2031 carissime
721 2021 975 2035 ........
1003 1980 1043 2034 IX
1054 1982 1148 2103 praefi

144 2050 299 2103 Herbarum
317 2048 409 2101 fueras
427 2048 551 2115 indutus,
569 2048 664 2115 Basse,
684 2049 789 2102 colores
828 2092 833 2104 .
862 2048 872 2105 .’
897 2092 903 2106 .
932 2092 939 2107 .
968 2092 974 2105 .
1083 2059 1147 2119 ,26

145 2120 271 2174 Herculis
289 2120 320 2171 in
337 2118 434 2187 magni
451 2119 546 2172 vultus
565 2119 733 2173 descendere
752 2118 865 2175 Caesar.
895 2162 902 2175 .
930 2161 937 2176 .
966 2162 973 2176 .
1040 2121 1089 2190 IX,
1110 2129 1148 2178 64.

143 2190 282 2244 Heredem
300 2207 363 2242 cum
380 2207 425 2243 me
443 2189 532 2257 partis
551 2189 613 2256 tibi
633 2189 753 2257 Garrice,
773 2191 902 2257 quartae.
931 2232 939 2248 .
968 2237 974 2246 .
1039 2192 1090 2261 IX,
1109 2199 1148 2248 48.

146 2261 281 2314 Heredem
299 2260 402 2313 Fabius
420 2260 574 2313 Labienum
593 2277 625 2314 ex
644 2278 706 2314 asse
724 2260 865 2328 reliquit.
894 2303 900 2317 .
929 2303 936 2318 .
964 2303 972 2318 .
1026 2261 1090 2331 VH,
1110 2271 1148 2320 66.

144 2331 281 2385 Heredem
299 2331 352 2384 tibi
370 2347 423 2398 me,
443 2329 560 2397 Catulle,
580 2330 650 2385 dicis
684 2373 971 2390 .........
1027 2332 1089 2401 ΧΠ,
1111 2340 1147 2389 ts.

145 2401 275 2468 Heredes,
293 2401 382 2454 nolite
400 2401 514 2454 brevem
533 2401 651 2469 sepelire
669 2401 799 2456 colonum
827 2445 833 2457 .
862 2445 867 2456 .
897 2445 903 2457 .
932 2445 938 2457 .
967 2445 974 2458 .
1040 2403 1090 2472 XI,
1111 2411 1148 2458 14.

143 2473 260 2526 Hermes
279 2471 383 2524 Martia
401 2471 507 2525 saeculi
524 2472 655 2540 voluptas
687 2514 975 2529 .........
1057 2476 1091 2544 V,
1110 2482 1149 2530 24.

143 2544 333 2610 Hermogenes
352 2544 449 2594 tantus
467 2558 640 2610 mapparum,
659 2541 810 2609 †Pontice‚
829 2541 874 2595 fur
893 2544 937 2596 est
967 2585 974 2599 .
1027 2544 1090 2613 XII,
1110 2552 1148 2600 29.

143 2614 283 2667 Hesterna
300 2612 407 2664 factum
424 2615 561 2679 narratur,
580 2614 719 2681 Postume,
739 2628 833 2669 cena.
862 2654 869 2669 .
898 2657 904 2669 .
932 2655 939 2670 .
969 2656 976 2669 .
1054 2616 1090 2684 Π,
1111 2623 1147 2671 12.

143 2684 283 2738 Hesterna
300 2681 355 2734 tibi
372 2684 454 2735 nocte
473 2682 630 2735 dixeramus
651 2725 974 2740 ..........
1068 2687 1091 2756 1,
1110 2693 1149 2742 27.

143 2755 281 2809 Hesterno
299 2753 405 2806 foetere
423 2768 499 2805 mero
519 2752 568 2819 qui
586 2753 675 2806 credit
693 2753 825 2807 Acerram
861 2796 868 2809 .
897 2797 903 2810 .
931 2794 939 2810 .
967 2797 974 2810 .
1068 2757 1148 2826 Las.

144 2823 336 2891 „Hexametris
356 2821 530 2890 epigramma
547 2822 636 2875 facis“
655 2822 712 2877 scio
732 2824 824 2878 dicere
841 2824 974 2880 Tuccam.
1040 2827 1091 2894 VI,
1111 2834 1150 2884 66.

144 2896 270 2949 Hiberna
288 2891 416 2961 quamvis
434 2891 534 2945 Arctos
553 2895 582 2945 et
600 2892 677 2946 rudis
696 2892 785 2948 Peuce
792 2938 975 2951 ......
1045 2896 1109 2968 vn,
1128 2904 1150 2953 1.

143 2966 283 3019 Hibernos
301 2964 430 3033 peterent
449 2961 532 3015 solito
552 2979 614 3015 cum
632 2979 708 3016 more
726 2981 869 3021 recessus.
898 3009 904 3021 .
932 3008 938 3021 .
969 3009 975 3022 .
1054 2967 1092 3040 V,
1111 2975 1150 3025 67.

143 3037 196 3090 Hic
209 3035 303 3089 brevis
319 3035 355 3088 ad
369 3049 498 3087 numeros
512 3031 643 3100 rapidum
661 3034 709 3101 qui
724 3034 835 3103 colligit
848 3052 969 3105 unguem
999 3038 1078 3108 XIV,
1095 3045 1162 3099 199.¹

143 3108 196 3161 Hic
217 3109 277 3161 erat
294 3106 343 3159 ille
362 3107 410 3158 tuo
430 3102 560 3170 domitus,
580 3101 734 3171 cyparisse,
754 3105 894 3173 capistro?
934 3149 939 3163 .
969 3151 974 3164 .
1013 3108 1091 3178 XIII,
1110 3116 1149 3165 26.

143 3178 197 3232 Hic
215 3177 278 3244 erit,
297 3177 329 3228 ut
346 3173 496 3244 perhibent
514 3174 659 3228 doctorum
678 3175 762 3228 corda
779 3175 903 3230 virorum
932 3221 939 3234 .
967 3222 974 3235 .
999 3179 1076 3249 XIV,
1093 3187 1149 3236 191.

143 3248 197 3301 Hic
216 3251 259 3302 est
275 3245 433 3316 pampineis
451 3243 550 3298 viridis
568 3244 651 3298 modo
671 3244 790 3298 Vesbius
808 3246 938 3303 umbris.
967 3291 974 3306 .
1042 3250 1092 3321 IV,
1109 3258 1149 3307 44,

145 3319 199 3372 Hic
219 3320 262 3372 est
280 3333 363 3385 quem
381 3315 453 3384 legis
471 3314 528 3381 ille,
548 3331 631 3382 quem
648 3314 768 3381 requiris
792 3359 974 3375 ......

143 3389 197 3442 Hic
215 3387 351 3443 festinata
368 3384 520 3454 requiescit
537 3383 654 3438 Erotion
672 3387 798 3441 umbra.
829 3430 834 3441 .
863 3432 870 3444 .
900 3432 905 3444 .
934 3431 941 3446 ,
970 3433 977 3446 ,
1084 3435 1091 3461 ‚

144 3460 197 3512 Hic
215 3459 291 3512 iacet
308 3456 357 3509 ille
378 3472 468 3523 senex,
488 3456 617 3523 Augusta
634 3458 717 3509 notus
736 3455 765 3508 in
785 3457 868 3514 aula.
899 3502 905 3514 .
935 3503 940 3516 .
969 3504 976 3518 ,

139 3529 196 3583 Hic
215 3545 298 3598 quern
315 3525 418 3580 videtis
437 3524 579 3595 gressibus
596 3525 677 3594 vagis
697 3527 804 3579 lentum
827 3571 834 3583 .
864 3572 869 3583 .
899 3573 905 3586 ,
934 3573 941 3586 ,
969 3574 976 3588 ,
1084 3576 1091 3601 ‚
1144 3575 1150 3587 ,

128 3601 186 3655 Hic
207 3600 259 3672 qui
278 3600 351 3654 dura
370 3597 473 3654 sedens
492 3597 621 3669 porrecto
639 3613 710 3650 saxa
724 3597 836 3652 laone.
864 3642 871 3653 .
899 3642 906 3655 ,
933 3645 940 3655 ,
969 3645 975 3657 ,
1084 3647 1091 3672 ‚
1143 3646 1150 3658 ,

117 3673 177 3728 Hic
199 3675 253 3747 qui
271 3671 387 3731 libellis
407 3688 602 3747 praegravem
619 3668 696 3728 66116
708 3668 850 3723 laesam.
879 3708 886 3720 .
915 3708 922 3721 .
950 3710 957 3721 ,
985 3710 993 3723 ,
1095 3714 1106 3738 ἲ
1151 3714 1158 3725 ἱ
