2408 4132
88 382 90 387 .
150 427 214 493 114
475 427 512 480 n.
532 425 615 479 van.
633 424 828 479 MARTIALIS

193 589 297 666 Quam
319 611 384 653 non
408 611 539 654 sensuro
563 590 639 652 dare
662 589 898 672 quadringenta
920 588 1063 670 caballo,

150 695 183 742 10
239 676 366 742 Aureus
390 681 428 740 ut
451 674 564 760 Scorpi
585 698 684 741 nasus
707 677 826 760 ubique
849 677 966 740 micet?

193 765 220 829 Ο
242 766 366 829 frustra
387 765 545 849 locuples,
569 787 588 828 0
612 765 833 828 dissimulator
856 765 961 847 amici,

236 852 326 918 Haec
349 854 431 938 legis
456 858 488 917 et
511 853 646 917 laudas?
684 852 771 927 Quae
795 853 857 917 tibi
879 853 968 917 fama
988 853 1088 937 perit!

591 1011 709 1076 XXVI.

193 1117 286 1193 Quod
309 1118 407 1200 alpha
430 1117 510 1199 dixi,
534 1115 650 1200 Corde,
673 1117 920 1200 paenulatorum

193 1206 239 1270 Te
261 1228 377 1289 nuper,
401 1205 509 1288 aliqua
532 1227 605 1270 cum
627 1206 751 1270 iocarer
773 1206 807 1268 in
829 1206 953 1289 charta,

195 1294 230 1358 Si
253 1294 338 1358 forte
361 1293 461 1357 bilem
484 1295 586 1357 movit
608 1294 661 1358 hic
684 1293 746 1357 tibi
768 1315 895 1376 versuS,

193 1382 291 1446 Dicas
314 1381 424 1446 licebit
445 1381 522 1444 beta
545 1404 596 1445 me
619 1385 816 1465 togatorum.

587 1539 721 1603 XXVII.

194 1645 367 1730 Ingenium
392 1644 596 1728 studiumque
620 1645 681 1708 tibi
704 1666 872 1729 moresque
896 1666 1059 1730 genusque

239 1733 322 1796 Sunt
346 1733 478 1816 equitis,
499 1732 613 1795 fateor.
651 1729 766 1796 Cetera
788 1734 893 1817 plebis
916 1734 1030 1798 habes:

194 1822 252 1886 Bis
276 1823 409 1905 septena
432 1820 493 1884 tibi
516 1841 581 1883 non
605 1824 681 1884 sunt
704 1821 859 1885 subsellia
881 1821 980 1904 tanti,

239 1908 286 1974 Ut
310 1908 420 1972 sedeas
443 1908 514 1972 viso
536 1907 678 1991 pallidus
703 1907 838 1973 Oceano

582 2064 733 2131 XXVIII.

195 2174 242 2240 Ut
264 2174 346 2238 bene
369 2174 521 2257 loquatur
545 2173 727 2256 sentiatque
751 2173 944 2259 Mamercus,

195 2262 334 2327 Efficere
356 2262 468 2347 nullis,
490 2261 588 2344 Aule,
612 2261 757 2327 moribus
780 2263 900 2346 possis:

195 2351 322 2415 Pietate
345 2351 461 2414 fratres
485 2349 620 2416 Curvios
644 2351 720 2415 licet
743 2351 865 2434 vincas,

197 2440 312 2516 Quiete
335 2437 475 2522 Neruas,
499 2439 651 2504 comitate
673 2439 835 2520 Rusones,

168 2527 363 2592 5Probitate
385 2524 526 2605 Macros
549 2529 712 2611 aequItate
734 2524 910 2610 Mauricos,

197 2615 352 2680 Oratione
373 2614 530 2699 Regulos,
553 2616 632 2680 iocis
655 2615 789 2678 Paulos:

197 2703 406 2787 Robiginosis
431 2707 545 2766 cuncta
568 2703 717 2767 dentibus
740 2702 834 2766 rodit.

197 2790 370 2854 Hominem
393 2790 578 2873 malignum
594 2790 707 2855 forsan
730 2811 799 2854 esse
821 2796 858 2855 tu
881 2792 1004 2858 credas:

197 2878 271 2963 Ego
295 2898 364 2941 esse
387 2878 541 2944 miserum
565 2878 672 2961 credo,
696 2878 747 2943 cui
769 2880 875 2962 placet
897 2901 1002 2946 nemo.

598 3035 714 3101 XXIX.

199 3142 233 3209 Si
256 3143 383 3228 quando
407 3141 550 3226 leporem
573 3143 676 3207 mittis
699 3143 793 3228 mihi,
818 3143 937 3229 Gellia,
960 3146 1053 3212 dicis:

242 3229 434 3317 „Formosus
458 3234 595 3314 septem,
617 3230 738 3315 Marce,
762 3232 873 3297 diebus
898 3233 989 3299 eris.“

199 3319 234 3386 Si
256 3343 321 3386 non
343 3319 480 3402 derides,
504 3319 532 3382 si
555 3341 678 3404 verum,
700 3322 754 3384 lux
778 3343 862 3402 mea,
885 3343 1013 3408 narras,

157 3421 166 3437 ⁶
243 3409 353 3475 Edisti
374 3429 551 3491 nunquam,
575 3407 694 3493 Gellia,
717 3413 753 3473 tu
776 3410 929 3492 leporem.

608 3567 708 3632 XXX.

199 3674 320 3761 Varro,
342 3673 521 3758 Sophocleo
544 3694 610 3739 non
632 3673 798 3738 infitiande
820 3674 993 3757 cothurno,

239 3763 312 3831 Nec
333 3762 442 3830 minus
465 3763 500 3827 in
522 3759 663 3828 Calabra
685 3763 884 3848 suspiciende
907 3763 1024 3872 Q
