2408 4132
131 460 196 524 286
458 457 495 512 M.
514 457 596 512 VAL.
615 457 810 510 MARTIALIS

177 619 212 685 si
234 623 267 684 te
291 620 453 684 delectant
477 619 623 685 animosa
644 619 800 704 pericula,
824 619 937 683 Tuscis

133 725 166 773 10
224 745 260 755 -
282 708 397 772 Tutior
420 711 470 772 est
492 709 595 772 virtus
617 707 863 771 -insidiemur
886 709 984 792 apris.

177 796 259 872 Quid
282 799 314 859 te
338 797 428 860 frena
451 796 563 860 iuvant
585 796 778 860 temeraria?
803 796 931 879 saepius
953 796 1038 880 illis,

219 884 341 969 Prisce,
355 884 467 949 datum
482 888 532 948 est
546 884 687 969 equitem
701 905 863 968 rumpere,
874 905 972 967 quam
986 885 1147 975 leporem.

599 1031 670 1098 XV.

178 1131 338 1216 Quidquid
360 1130 533 1196 Parrhasia
554 1131 682 1195 nitebat
705 1132 790 1212 aula,

176 1219 341 1284 Donatum
364 1225 416 1285 est
438 1220 540 1285 oculis
564 1219 695 1302 deisque
716 1220 847 1284 nostris.

176 1307 313 1373 Miratur
337 1306 506 1393 Scythicas
530 1306 664 1372 virentis
688 1307 758 1372 auri

160 1395 341 1462 ,Flammas
365 1397 526 1482 Iuppiter,
549 1400 581 1459 et
604 1399 713 1478 stupet
736 1396 866 1480 superbi

151 1484 276 1568 sRegis
300 1485 429 1550 delicias
454 1506 631 1570 gravesque
654 1485 761 1548 luxus:

176 1572 265 1637 Haeo
288 1577 364 1637 sunt
387 1576 516 1656 pocula,
540 1595 621 1657 quae
645 1571 758 1636 decent
781 1572 975 1655 Tonantem,

176 1659 267 1724 Haeo
289 1664 377 1743 sunt,
401 1683 481 1746 qnae
504 1660 683 1745 Phrygium
707 1661 821 1725 decent
843 1660 1040 1728 ministrum.

177 1748 295 1812 Omnes
319 1771 392 1813 cum
415 1749 491 1813 Iove
513 1771 597 1812 nunc
621 1770 731 1812 sumus
754 1748 856 1832 beati;

176 1836 223 1899 Aa
245 1858 406 1920 nuper-
428 1837 540 1919 pudet,
563 1836 606 1900 ah
628 1836 728 1919 pudet
751 1836 847 1900 lateri
864 1872 908 1883 -

135 1941 166 1987 10
178 1924 298 1988 Omnes
322 1946 394 1989 cum
417 1925 493 1990 Iove
515 1946 673 2007 pauperes
697 1946 833 1990 eramus.

594 2071 681 2138 XVI,

178 2169 324 2254 Addixti,
346 2169 501 2255 Labiene,
524 2175 590 2235 tres
614 2171 752 2256 agellos3

176 2258 311 2336 Emisti,
333 2258 489 2343 Labiene,
511 2263 579 2324 tres
604 2259 767 2325 cinaedos:

176 2345 344 2432 Paedieas,
366 2346 521 2432 Labiene,
544 2352 610 2412 tres
634 2348 767 2433 agellos.

584 2488 689 2554 XVII.

179 2586 284 2662 Quare
308 2589 376 2650 tam
399 2586 511 2651 multis
535 2608 555 2650 a
577 2590 625 2672 te,
647 2585 795 2669 Laetine,
818 2585 930 2650 diebus

222 2673 298 2738 Non
321 2674 416 2737 abeat
438 2675 548 2751 febris,
574 2675 701 2759 quaeris
725 2677 757 2738 et
779 2695 880 2757 usque
903 2673 1016 2759 gemis.

179 2761 333 2825 Gestatur
356 2766 462 2825 tecum
485 2763 608 2847 pariter
631 2763 815 2847 pariterque
839 2762 981 2846 lavatum

223 2847 327 2913 Cenat
347 2849 488 2934 boletos,
512 2853 632 2933 ostrea,
656 2872 780 2934 sumen,
804 2872 930 2934 aprum,

153 2936 280 3000 aEbria
304 2933 414 2999 Setino
437 2937 476 3000 fit
498 2959 594 3021 saepe
617 2942 650 3001 et
673 2960 768 3022 saepe
790 2937 942 3022 Falerno,

222 3024 291 3089 Nee
313 3023 379 3087 nisi
400 3046 457 3106 per
479 3024 778 3090 niveam‘oaecuba
801 3031 894 3110 potat
917 3048 1049 3113 aqnam3

180 3112 382 3178 Circumfusa
405 3114 488 3177 rosis
512 3119 545 3178 et
568 3114 663 3197 nigra
684 3116 843 3179 recumbit
867 3136 1008 3198 amom0,

223 3200 353 3266 Dormit
377 3204 409 3265 et
432 3202 466 3265 in
488 3203 599 3286 pluma
621 3224 846 3287 purpureoque
868 3207 950 3268 toro.

181 3289 261 3355 Cum
284 3290 415 3353 recubet
439 3290 584 3374 pulchre,
603 3312 674 3355 cum
699 3295 767 3355 tam
785 3293 867 3356 bene
886 3293 973 3356 vivat
992 3292 1082 3376 apud
1103 3296 1149 3379 te,

139 3396 169 3444 10
223 3377 277 3443 Ad
299 3378 437 3443 Damam
461 3380 570 3462 potius
593 3380 642 3443 vis
665 3383 722 3443 tua
745 3379 845 3445 febris
869 3379 943 3445 eat?

580 3519 699 3585 XVIII.

180 3618 267 3682 Dum
290 3621 327 3681 tu
349 3617 487 3682 forsitan
511 3618 676 3702 inquietus
701 3639 788 3682 erras

182 3705 347 3789 Clamosa,
370 3705 547 3791 Iuvenalis,
570 3706 605 3770 in
629 3703 767 3790 Subura,

170 3795 243 3861 Ant
266 3796 385 3864 collem
411 3795 562 3864 dominae
583 3795 666 3862 teris
685 3793 830 3877 Dianae,
953 3764 1121 3863 an..
