2408 4132
331 321 627 379 EPIGRAMMATON
644 327 712 382 LIB.
732 330 778 385 lX.
989 332 1052 397 207

65 479 202 547 cVerba
226 483 314 548 ducis
336 483 418 548 Daci
441 484 562 550 chartis
586 489 738 554 mandata
760 491 922 576 resignas,

136 568 311 637 Victricem
334 573 460 637 laurum
484 596 579 658 quam
603 577 691 641 venit
714 582 788 642 ante
811 580 914 664 vides,

93 657 175 740 Scis,
199 660 348 743 quotiens
372 660 489 725 Phario
513 663 642 727 madeat
664 664 740 730 Iove
764 667 854 732 fusca
877 667 995 753 Syene,

138 745 220 829 Scis,
244 753 344 833 quota
368 748 406 813 de
429 748 549 834 Libyco
573 751 667 816 litore
690 753 886 838 puppiseac

93 833 192 900 Cuius
215 834 324 901 Iuleae
348 838 445 921 capiti
466 843 641 904 nascantur
665 841 785 926 olivae,

48 939 81 987 ro
136 923 287 989 Destinet
311 924 473 991 aetherius
496 927 548 991 cui
570 950 628 992 sua
653 934 738 994 serta
760 934 862 1015 pater.

91 1011 184 1076 Tolle
207 1016 280 1076 tuas
304 1016 403 1097 artes,
426 1014 521 1078 hodie
544 1017 674 1082 cenabis
698 1019 784 1103 apud
807 1041 857 1083 me

136 1099 206 1165 Hac
228 1101 313 1186 lege,
336 1105 374 1166 ut
394 1123 507 1168 narres
529 1105 588 1186 nil,
612 1105 814 1191 Philomuse,
835 1109 918 1173 novi.

888 805 898 840 l

474 1234 623 1301 XXXVI.

89 1328 227 1394 Viderat
250 1329 430 1397 Ausonium
453 1332 559 1416 posito
579 1332 673 1398 modo
697 1333 784 1399 crine
808 1336 991 1401 ministrum

134 1416 244 1502 Phryx
267 1441 360 1504 puer,
384 1421 517 1485 alterius
542 1421 660 1506 gaudia
681 1426 761 1487 nota
781 1421 881 1488 Iovis:

88 1505 201 1590 „Quod
224 1510 313 1590 tuus,
337 1529 421 1591 ecce,
445 1530 502 1574 suo
526 1507 645 1574 Caesar
667 1512 816 1594 permisit
840 1513 977 1598 ephebo,

133 1593 182 1658 Tu
204 1596 356 1680 permitte
379 1601 450 1678 tuo,
473 1598 612 1662 maxime
635 1598 760 1664 rect0r“
782 1601 842 1685 ait,

63 1700 78 1747 o
89 1681 179 1766 „Iam
202 1684 283 1748 mihi
304 1686 411 1767 prima
433 1685 515 1750 latet
537 1686 644 1772 longis
668 1687 788 1773 lanugo
812 1689 951 1772 capillis,

133 1769 204 1835 lam
226 1775 283 1837 tua
305 1794 356 1836 me
379 1773 463 1838 ridet
485 1774 565 1840 Iuno
588 1779 744 1859 vocatque
767 1776 899 1841 virum.“

89 1857 148 1923 (lui
170 1863 264 1943 pater
287 1860 450 1926 aetherius
472 1861 574 1946 „Puer
598 1885 616 1928 o
641 1864 853 1946 dulcissime,“
876 1865 968 1951 dixit,

132 1944 226 2030 „Non
249 1968 322 2033 ego,
346 1949 431 2034 quod
453 1952 574 2034 poscis,
597 1973 648 2014 res
671 1956 769 2036 negat
791 1953 863 2037 ipsa
886 1954 960 2017 tibi:

88 2033 207 2100 Caesar
229 2034 329 2101 habet
351 2040 462 2102 noster
485 2038 605 2102 similes
628 2039 690 2102 tibi
712 2040 801 2103 mille
823 2040 989 2106 ministros

45 2140 77 2188 ιο
132 2123 301 2208 Tantaque
324 2125 465 2190 sidereos
489 2127 543 2191 rix
566 2126 653 2210 capit
675 2127 749 2191 aula
771 2150 890 2213 mares,

87 2210 133 2275 At
155 2212 217 2276 tibi
240 2213 268 2276 si
291 2211 414 2278 dederit
435 2213 543 2279 vultus
567 2236 660 2279 coma
682 2218 778 2279 tonsa
799 2215 923 2299 viriles,

132 2298 209 2374 Quis
233 2300 327 2386 mihi,
350 2301 405 2385 qui
426 2306 538 2366 nectar
560 2302 706 2386 misceat,
729 2304 812 2367 alter
836 2302 938 2368 erit?“

463 2441 629 2508 XXXVII.

88 2535 168 2604 Cum
190 2537 235 2604 sis
257 2538 330 2622 ipsa
352 2538 439 2604 domi
462 2539 630 2623 mediaque
654 2560 766 2605 ornere
789 2537 931 2626 Subura,

130 2625 227 2691 Fiant
250 2627 399 2692 absentes
423 2631 456 2692 et
477 2627 552 2708 tibi,
576 2627 684 2713 Galla,
708 2650 831 2712 comae,

86 2713 153 2780 Nec
175 2715 287 2780 dentes
310 2716 403 2780 aliter
426 2737 523 2800 quam
546 2713 654 2781 Serica
676 2720 770 2782 nocte
793 2738 944 2802 reponas,

128 2802 173 2866 Et
196 2803 301 2868 iaceas
324 2807 453 2869 centum
476 2804 605 2869 condita
627 2804 812 2890 pyxidibus,

58 2891 154 2956 sNec
177 2896 286 2957 tecum
308 2892 407 2957 facies
430 2896 487 2956 tua
509 2892 662 2979 dormiat,
684 2895 791 2958 innuis
815 2893 886 2977 illo,

130 2980 222 3057 Quod
244 2980 307 3044 tibi
329 2982 492 3066 prolatum
517 2984 566 3045 est
589 3004 696 3066 mane,
720 2982 905 3066 supercilio,

85 3068 128 3132 Et
151 3073 184 3133 te
206 3069 297 3133 nulla
319 3074 428 3134 movet
450 3070 523 3133 cani
545 3071 723 3134 reverentia
747 3071 856 3147 cunni,

128 3156 230 3232 Quem
254 3161 346 3240 potes
368 3157 453 3222 inter
476 3179 553 3222 avos
577 3158 642 3223 iam
663 3179 832 3223 numerare
855 3160 940 3222 tuos.

83 3245 254 3310 Promittis
278 3250 424 3310 sescenta
446 3249 569 3329 tamen,
592 3247 647 3311 sed
670 3247 814 3310 mentula
838 3245 934 3310 surda
957 3248 1020 3325 est,

42 3351 74 3399 10
127 3334 172 3398 Et
196 3335 239 3398 sit
261 3334 350 3399 lusca
373 3333 463 3417 licet,
486 3337 519 3399 te
542 3338 652 3399 tamen
674 3334 733 3399 illa
754 3333 850 3398 videt.

451 3473 633 3540 XXXVHI.

82 3570 216 3637 Summa
239 3572 316 3637 licet
337 3572 444 3656 velox,
466 3569 643 3657 Agathine,
666 3571 808 3657 pericula
830 3571 936 3655 ludas,

124 3659 202 3726 Non
223 3664 333 3726 tamen
356 3660 489 3748 efficies,
510 3665 548 3726 ut
569 3660 634 3727 tibi
654 3683 774 3750 parma
792 3660 904 3726 cadat,
