2408 4132
92 479 158 544 280
417 478 455 532 n
474 476 555 533 VAL.
574 436 771 531 alermus

137 642 223 718 Quas
247 664 319 706 eum
342 646 459 706 conata
482 662 515 704 es
539 641 664 724 dextra,
687 643 802 704 conata
824 639 958 703 sinistra

181 728 325 813 Vellere,
348 752 421 795 oum
444 729 587 794 lacrimis
611 729 723 792 eximis
748 732 781 792 et
804 729 940 813 gemitu:

113 817 194 884 bSie
218 819 484 903 constringuntur
506 817 617 900 magni
640 814 852 901 Symplegade
875 815 940 880 culi

181 906 227 971 Et
249 905 376 990 Minyas
398 907 523 970 intrant
547 904 757 989 Cyaneasque
780 907 881 969 nates.

138 993 320 1059 Emendare
343 995 433 1079 cupis
456 993 572 1058 vitium
596 993 760 1058 deforme?
784 993 918 1057 docebo:

182 1083 312 1162 Lesbia,
334 1104 394 1147 nee
417 1103 530 1167 surgas
554 1103 682 1167 censeo,
704 1103 764 1147 neo
787 1081 908 1145 sedeas.

580 1202 605 1269 C

138 1292 267 1358 Habere
291 1294 428 1359 amicam
449 1292 540 1372 nolo,
562 1290 689 1376 Flacco,
713 1291 877 1375 subtilem,

140 1381 237 1447 Cuius
262 1382 400 1447 lacertos
425 1381 513 1446 anuli
536 1381 600 1445 mei
623 1380 770 1465 cingant,

140 1469 228 1546 Quae
253 1472 346 1535 clune
369 1469 455 1534 nudo
478 1467 572 1534 radat
596 1473 629 1534 et
653 1490 737 1554 genu
759 1470 897 1551 pungat,

141 1557 201 1622 Oui
225 1581 312 1623 serra
334 1557 468 1642 lumba,
491 1557 598 1641 cuspis
622 1556 737 1621 emicet
761 1558 841 1621 aulo.

114 1646 202 1711 oSed
224 1646 310 1710 idem
335 1648 472 1711 amicam
494 1646 571 1710 nolo
595 1645 684 1709 mille
706 1646 871 1709 librarum.

141 1733 313 1799 Carnarius
338 1755 423 1817 sum,
445 1733 647 1817 pinguiarius
670 1755 736 1797 non
759 1755 838 1798 sum.

141 1945 265 2009 Thaida
287 1948 356 2008 tam
378 1946 509 2008 tenuem
531 1943 679 2028 potuisti,
702 1941 831 2027 Flaoee,
852 1941 984 2008 videre?

184 2034 245 2116 Tu,
267 2037 361 2117 puto,
384 2032 469 2116 quod
491 2053 557 2096 non
580 2034 643 2115 est,
664 2029 791 2118 Flaooe,
813 2031 921 2097 videre
943 2035 1052 2118 potes.

568 2154 635 2219 011.

142 2243 218 2310 Non
241 2246 291 2308 est
314 2244 484 2328 mentitus,
508 2243 618 2327 quite
641 2243 722 2307 mihi
745 2242 825 2307 dixit
847 2243 966 2308 habere

187 2331 378 2397 Formosam
402 2354 544 2416 earnem,
567 2331 685 2415 Lydia,
707 2353 774 2396 non
795 2331 919 2396 faeiem.

142 2421 204 2485 Est
227 2421 287 2504 ita,
311 2420 340 2485 si
361 2424 469 2485 taceas
493 2424 526 2484 et
549 2420 578 2484 si
600 2424 669 2484 tam
693 2423 784 2484 muta
806 2419 988 2505 recumbas,

187 2508 291 2584 Quam
316 2509 390 2574 silet
412 2510 446 2573 in
469 2530 543 2573 oera
564 2509 674 2573 vultus
698 2512 731 2573 et
753 2509 788 2572 in
809 2508 930 2572 tabula

117 2595 205 2661 used
220 2598 369 2681 quotiens
384 2598 538 2680 loqueris,
554 2618 682 2662 earnem
698 2618 837 2680 quoque,
851 2595 969 2680 Lydia,
983 2598 1111 2685 perdiS,

186 2685 231 2750 Et
254 2708 312 2750 sua
334 2685 408 2770 plus
431 2685 527 2769 nulli,
550 2706 647 2769 quam
670 2685 744 2767 tibi,
766 2685 880 2768 lingua
901 2689 1006 2749 nooet.

142 2773 264 2838 Audiat
287 2773 398 2837 aedilis
421 2795 462 2837 ne
484 2778 518 2838 te
540 2773 712 2857 videatque
735 2777 861 2838 oaveto:

185 2861 378 2926 Portentum
401 2864 464 2944 est,
488 2862 637 2944 quotiens
661 2861 768 2945 eoepit
789 2861 900 2946 imago
923 2861 1023 2946 loqui.

561 2981 645 3047 CIII.

141 3072 247 3136 'l'anta
269 3071 330 3136 tibi
354 3074 404 3135 est
428 3070 529 3134 animi
551 3071 698 3155 probitas
722 3070 863 3157 orisque,
887 3069 1032 3158 Safroni,

185 3159 234 3225 Ut
256 3160 353 3224 mirer
375 3159 445 3224 fieri
468 3163 502 3224 te
524 3159 669 3245 potuisse
692 3163 826 3243 patrem.

562 3282 643 3349 CIV.

142 3370 245 3454 Uxor,
268 3370 350 3436 vade
372 3371 474 3457 foras,
498 3376 555 3437 aut
577 3372 722 3437 moribus
745 3375 836 3436 utere
859 3371 995 3437 nostris:

186 3460 262 3526 Non
285 3481 357 3524 sum
381 3481 441 3544 ego
463 3482 523 3526 neo
546 3459 662 3525 Curius
685 3482 743 3526 nee
766 3460 875 3526 Numa
899 3481 958 3524 nee
982 3461 1112 3530 Tatius.

143 3547 195 3613 Me
218 3548 358 3614 ineunda
379 3548 493 3613 iuvant
515 3550 639 3613 tractae
662 3571 719 3633 per
741 3549 859 3632 poeula
880 3551 1008 3614 noetesz

186 3636 235 3700 Tu
258 3658 414 3721 properas
437 3640 516 3720 pota
539 3657 671 3721 surgere
693 3637 798 3701 tristis
823 3658 915 3720 aqua

116 3724 190 3790 5Tu
214 3725 358 3789 tenebris
382 3724 517 3810 gaudes:
541 3747 592 3788 me
614 3725 724 3790 ludere
748 3729 831 3790 teste
854 3725 987 3789 lucerna

172 3813 224 3879 Et
245 3813 342 3882 iurat
365 3813 514 3883 admissa
535 3835 690 3900 rumpere
706 3815 783 3880 luee
798 3815 903 3878 latus.
1035 3842 1039 3849 ·
