2408 4132
304 1025 308 1032 ,
412 944 460 1016 u.
487 886 592 1014 rra.
620 938 881 1012 nourrius

342 1111 942 1214 EPIGRAMMATON

543 1305 673 1371 ureae
694 1305 749 1371 vr.

632 1482 763 1546 1..

189 1588 304 1654 Sextus
327 1587 469 1653 mittitur
491 1590 543 1653 hic
566 1589 627 1653 tibi
651 1588 794 1666 libellus,

187 1677 363 1760 Inprimis
386 1677 466 1740 mihi
489 1699 562 1741 care
585 1676 759 1740 Martialis:

82 1806 110 1855 x
189 1765 290 1840 Quem
314 1766 341 1829 si
363 1766 493 1828 terseris
518 1786 592 1828 aure
617 1763 776 1847 diligenti,

188 1853 331 1916 Audebic
353 1853 458 1916 minus
482 1852 595 1916 anxius
618 1856 822 1933 tremensque

163 1941 325 2025 oMagnas
349 1939 496 2005 Caesaris
519 1940 555 2003 in
576 1961 689 2003 manus
713 1941 829 2003 venire.

621 2097 664 2162 H.

188 2205 292 2270 Lusus
316 2210 385 2270 erat
408 2227 518 2271 sacrae
541 2204 678 2269 conubia
700 2203 812 2269 fallere
835 2203 963 2287 laedae,

232 2294 335 2359 Lusus
359 2298 392 2358 el
413 2293 592 2358 immeritos
616 2293 778 2358 execuisse
801 2313 916 2356 mares.

189 2382 332 2466 Utraque
355 2385 390 2446 tu
413 2383 579 2466 prohibes,
601 2380 733 2464 Caesar,
756 2381 946 2465 populisque
968 2379 1089 2446 futuris

233 2469 410 2552 Succurris,
433 2471 522 2534 nasci
546 2469 630 2553 quod
653 2469 721 2533 sine
743 2468 856 2533 fraude
878 2468 980 2534 iubes.

163 2558 255 2624 aNec
270 2559 369 2641 spado
383 2558 448 2622 iarn
461 2579 520 2622 nec
529 2557 680 2621 moechus
692 2557 754 2621 erit
762 2560 795 2620 te
804 2556 950 2640 praeside
961 2557 1149 2642 quisquam:

232 2646 278 2710 At
298 2646 389 2729 prius
408 2667 488 2709 —o
512 2645 630 2708 mores!
652 2680 689 2692 -
711 2647 744 2709 et
767 2644 867 2727 spado
891 2644 1043 2710 moechus
1068 2651 1148 2714 eral.

615 2802 673 2866 Ill.

188 2907 329 2972 Nascere
352 2906 517 2971 Dardanio
540 2908 734 2990 promissum
756 2930 874 2974 nomen
896 2909 982 2994 Iule,

232 2995 319 3060 Vera
342 2995 435 3058 deam
460 2995 599 3079 suboles3
623 3016 765 3078 nascere,
789 3019 905 3083 magne
927 3019 1020 3082 puer:

189 3083 249 3148 cui
271 3087 364 3168 pater
386 3087 531 3147 aeternas
554 3087 630 3167 post
653 3085 779 3147 saecula
800 3086 908 3149 tradat
929 3086 1089 3172 habenas,

233 3171 358 3254 Quique
380 3192 475 3256 regas
499 3172 609 3236 orbem
633 3193 705 3236 cum
728 3172 852 3238 seniore
875 3194 980 3238 senex.
1003 3203 1008 3215 ¹

163 3259 264 3343 alpsa
286 3259 346 3323 tibi
369 3259 463 3322 niveo
486 3259 595 3324 trahet
618 3281 714 3323 auree
736 3260 854 3343 pollice
876 3261 934 3325 fila

231 3346 276 3410 Et
298 3350 402 3411 totam
423 3344 536 3410 Phrixi
557 3347 640 3411 Iulia
662 3348 753 3412 nebit
776 3370 878 3414 ovem.

616 3505 672 3572 IV.

188 3609 310 3677 Censor
331 3613 469 3677 maxime
491 3613 734 3699 principumque
757 3612 919 3697 princeps,

189 3696 269 3764 Cum
292 3703 342 3764 rot
364 3701 429 3764 iarn
452 3701 514 3766 tibi
537 3701 653 3765 debeat
675 3702 871 3786 triumphes,

182 3786 246 3851 Tol
265 3788 436 3855 nascentia
458 3789 595 3877 templo,
616 3793 669 3855 'co'c
691 3793 821 3874 renata,
894 3875 897 3880 Ι
