2408 4132
159 456 224 521 120
482 454 520 508 u.
539 454 622 509 van.
641 454 837 510 unanimus

632 616 685 680 LI.

201 712 279 796 Hic,
302 714 357 798 qui
379 715 499 778 libellis
521 734 733 799 praegravem
756 714 841 797 gerit
862 715 1002 797 laevam,

202 803 411 867 Notariorum
434 824 528 888 quem
550 801 669 885 premit
690 802 806 865 chorus
829 802 923 885 levis,

203 889 264 965 Qui
288 890 442 954 codicillis
466 891 541 953 hinc
565 889 693 952 atinde
715 890 851 973 prolatis

201 978 421 1062 Epistulisque
444 977 628 1041 commodat
650 998 781 1061 gravem
803 978 928 1041 vultum

176 1064 324 1130 oSimilis
348 1063 464 1130 Catoni
486 1065 655 1148 Tullioque
677 1064 856 1149 Brutoque,

201 1153 404 1237 Exprimere,
427 1152 523 1236 Rufe,
545 1153 692 1217 fidiculae
714 1154 790 1217 licet
812 1157 943 1237 cogant,

200 1240 293 1306 Have
315 1239 481 1323 Latinum,
504 1250 597 1325 χαῖρε
619 1261 684 1303 non
706 1245 815 1324 potest
838 1241 1004 1306 Graecum.

202 1327 237 1393 Si
260 1329 380 1414 fingere
403 1328 490 1393 istud
514 1350 565 1392 me
587 1333 697 1413 putas,
720 1329 904 1393 salutemus.

624 1451 693 1517 LII.

202 1547 290 1625 Quae
312 1549 393 1613 mihi
415 1549 616 1633 praestiteris
639 1549 771 1613 memini
794 1570 981 1633 semperque
1004 1551 1132 1616 tenebo.

246 1635 312 1701 Cur
333 1638 433 1722 igitur
456 1640 561 1720 taceo,
583 1637 757 1701 Postume?
793 1637 842 1701 Tu
864 1639 1013 1720 loqueris.

200 1724 324 1808 Incipio
350 1725 497 1808 quotiens
521 1724 617 1788 alicui
639 1728 697 1787 tua
720 1725 805 1788 dona
826 1724 956 1804 referre,

53 1880 57 1891 ,
111 1818 126 1865 ἱ
244 1812 397 1877 Protinus
422 1814 579 1877 exclamat
601 1811 754 1894 „Dixerat
776 1814 846 1894 ipse
869 1813 976 1876 mihi.“
1015 1887 1017 1891 Α

174 1899 274 1966 bNon
301 1901 382 1964 belle
407 1901 563 1983 quaedam
586 1899 710 1963 faciunt
733 1900 809 1966 dno:
833 1901 952 1964 sufficit
973 1923 1056 1966 unus

244 1987 328 2052 Huic
352 1987 455 2072 operi:
479 1989 507 2052 si
530 1988 594 2071 vis,
616 1991 653 2052 ut
674 1989 802 2072 loquar,
824 1989 894 2070 ipse
916 1993 997 2054 tace.

201 2074 302 2142 Crede
324 2076 418 2159 mihi,
442 2077 589 2159 quamvis
612 2076 770 2160 ingentia,
791 2075 958 2161 Postume,
981 2077 1065 2141 dona

245 2163 396 2229 Auctoris
420 2169 555 2248 pereunt
578 2165 768 2250 garrulitate
792 2165 851 2228 sui.

202 2390 359 2457 Colchida
373 2393 450 2477 quid
469 2394 597 2477 scribis,
612 2394 688 2477 quid
702 2394 828 2476 scribis,
846 2393 961 2476 amice,
973 2393 1163 2476 Thyesten?

245 2480 315 2556 Quo
338 2481 399 2544 tibi
422 2482 473 2546 vel
495 2480 635 2564 Nioben,
658 2480 772 2566 Basse,
794 2481 846 2545 vel
869 2479 1139 2547 Andromachen?

200 2566 338 2633 Materia
360 2572 422 2650 est,
446 2569 526 2633 mihi
550 2568 655 2647 crede,
677 2570 742 2633 tuis
766 2569 936 2652 aptissima
958 2567 1079 2632 chartis
1099 2630 1102 2633 .

245 2655 421 2719 Deucalion
446 2656 508 2739 vel,
531 2656 559 2720 si
581 2678 648 2721 non
670 2658 775 2741 placet
796 2656 863 2740 hic,
885 2655 1066 2722 Phaethon.

619 2787 701 2851 LIV.

200 2880 441 2965 Extemporalis
463 2882 568 2948 factus
591 2888 641 2948 est
663 2906 753 2948 meus
776 2884 898 2950 rhetor:

202 2967 412 3052 Calpurnium
434 2992 500 3034 non
524 2971 665 3068 scripsit,
689 2976 722 3036 et
745 2973 908 3038 salutavit.
944 3007 945 3010 ¹

628 3103 692 3168 tv.
734 3081 738 3088 ’

200 3195 262 3262 Dic
271 3196 364 3281 mihi,
375 3219 469 3281 quem
479 3203 601 3284 portas,
609 3202 776 3266 volucrum
788 3202 1161 3286 regina?„Touantem.“

245 3284 346 3351 Nulla
368 3308 464 3350 manu
488 3309 586 3371 quare
608 3289 744 3353 fulmina
767 3292 896 3375 gestat?
932 3289 1077 3371 „Amat.“

202 3371 273 3450 Quo
297 3373 381 3438 calet
403 3374 478 3459 igne
502 3374 603 3440 deus?
638 3376 780 3461 „Pueri.“
817 3377 881 3444 Cur
903 3379 992 3442 mitis
1016 3383 1128 3462 aperto

244 3459 390 3546 Respicis
413 3484 468 3528 ore
491 3461 624 3528 Iovem?
659 3464 727 3549 „De
750 3465 934 3551 Ganymede
956 3467 1098 3550 loquor.“

90 3664 153 3802 x(
200 3686 261 3755 Oui
283 3662 406 3776 badas,
428 3691 531 3778 Lupe,
553 3596 849 3779 filiulrhvihagistro,

145 3794 149 3799 ·
191 3777 332 3854 Quaeris
353 3781 517 3849 sollicitus
541 3781 596 3850 diu
618 3804 789 3872 rogasque.
