2408 4132
101 455 167 518 284
428 453 465 508 Μ.
484 452 566 509 VAL.
584 451 780 507 MARTIALIS

585 614 626 680 V.

146 721 290 806 Longior
312 722 472 787 undecimi
492 720 588 786 nohis
613 721 789 806 decimique
812 720 916 785 libelli

188 810 328 875 Artatus
351 810 445 875 labor
468 812 517 874 est
541 813 574 874 et
596 810 694 874 breve
717 809 798 874 rasit
821 830 910 892 opus.

145 898 243 962 Plura
266 898 378 984 legant
399 899 507 981 vaoui,
531 897 647 981 quibus
670 898 738 961 otia
761 899 835 962 tuta
858 897 990 962 dedisti:

188 985 279 1052 Haeo
302 989 372 1071 lege
394 992 445 1071 tu,
469 985 600 1070 ansar3
622 985 735 1050 forsan
758 989 790 1050 et
812 985 871 1050 illa
893 985 996 1071 leges.

576 1196 632 1264 VI.

146 1301 294 1388 Contigit
316 1302 481 1368 Ausoniae
503 1325 673 1386 procerum
697 1301 887 1366 mitissimus
912 1303 1009 1368 aulae

189 1390 308 1456 Nerva:
333 1392 408 1456 lieet
435 1395 503 1457 toto
527 1414 612 1457 nuno
634 1390 791 1455 Helieone
814 1390 892 1454 frui:

145 1479 246 1544 Recta
268 1480 361 1565 fides,
384 1480 498 1544 hilaris
523 1480 705 1562 elementia,
729 1482 824 1543 cauta
846 1483 994 1562 potestas

188 1568 259 1632 Iam
282 1568 430 1652 redeunt,
452 1569 543 1654 longi
566 1574 660 1653 terga
683 1567 796 1631 dedere
819 1571 935 1632 metus.

119 1655 216 1721 oHoo
239 1656 353 1741 populi
375 1660 549 1740 gentesque
572 1661 661 1740 tuae,
683 1657 738 1739 pia
760 1656 880 1738 Roma,
902 1662 1099 1740 precantur:

188 1743 263 1807 Dux
286 1744 348 1808 tibi
370 1745 414 1808 sit
438 1766 565 1828 semper
587 1744 678 1827 talis,
703 1747 736 1808 et
758 1744 821 1808 iste
844 1744 908 1809 diu.

145 1831 252 1896 Macte
271 1832 383 1911 animi,
399 1854 495 1916 quem
513 1854 606 1896 rarus
625 1832 741 1917 habes,
756 1855 945 1917 morumque
964 1839 1117 1923 tuorum,

190 1919 277 1995 Quos
300 1918 422 2002 Numa,
446 1942 527 2006 quos
549 1920 662 1985 hilaris
686 1921 791 2004 possit
814 1921 934 1986 habere
959 1920 1057 1991 Cato.

143 2007 284 2092 Longini,
307 2013 487 2093 praestare,
510 2009 624 2075 breves
648 2010 817 2074 extendere
840 2031 969 2097 oeusus,

102 2113 134 2161 10
188 2097 235 2161 Et
257 2096 333 2161 dare
358 2119 439 2181 quae
461 2097 572 2162 faciles
591 2097 645 2162 vix
668 2097 810 2163 tribuero
832 2098 895 2182 dei,

145 2183 239 2250 Nune
263 2185 339 2250 lieet
362 2190 395 2250 et
417 2186 468 2250 fas
492 2190 550 2250 est.
587 2184 649 2251 sed
672 2190 709 2250 tu
732 2188 792 2251 sub
815 2187 959 2271 principe
984 2188 1069 2256 duro

189 2273 465 2359 Temporibusque
488 2275 583 2340 malis
608 2297 714 2340 ausus¹
729 2297 763 2340 es
787 2296 857 2339 esse
880 2275 996 2342 bouus.

567 2485 641 2552 VH.
683 2544 684 2547 ,

144 2590 227 2655 Toto
250 2593 370 2658 vertice
395 2597 475 2676 quot
498 2593 581 2678 gerit
605 2594 753 2678 capillos,

143 2679 256 2745 Annos
281 2682 309 2745 si
330 2686 382 2746 tot
404 2682 504 2747 habet
527 2682 634 2767 Ligia,
656 2683 755 2746 trima
778 2685 837 2748 est.

558 2891 649 2957 VHI.

142 2996 317 3060 Terrarum
340 2994 399 3060 dea
422 2997 630 3081 gentiumque
653 2996 772 3080 Roma,

144 3084 205 3150 Oui
226 3107 285 3169 par
309 3084 464 3148 estnihil
487 3089 520 3149 et
541 3085 625 3150 nihil
649 3086 837 3172 secuudum,

143 3172 276 3237 Traiani
298 3174 394 3238 modo
417 3173 505 3238 laeta
528 3196 600 3240 oum
623 3173 750 3239 futuros

143 3260 207 3325 Tot
229 3282 288 3346 per
311 3262 440 3327 saecula
463 3266 665 3348 computaret
688 3284 803 3349 annos,

116 3350 189 3414 snt
211 3349 329 3414 fortem
353 3351 563 3437 iuvenemque
585 3350 803 3436 Martiumque

142 3437 181 3501 In
204 3442 296 3504 tanto
320 3440 398 3505 duce
421 3440 559 3505 militem
582 3440 717 3523 videret,

143 3526 236 3591 Dixit
258 3529 405 3611 praeside
429 3528 573 3613 gloriosa
595 3530 668 3593 tali:

143 3614 355 3697 „Parthorum
378 3639 526 3702 proceres
550 3619 707 3702 ducesque
731 3616 859 3705 Serum,

143 3702 297 3788 Thraces,
322 3702 546 3789 Sauromatae,
570 3705 685 3791 Getae,
709 3708 874 3796 Britanni,

85 3789 275 3860 roPossum
300 3793 473 3864 ostendere
496 3795 688 3867 Caesarem:
705 3795 837 3864 uemtaf‘
