2408 4132
92 453 154 518 138
415 453 453 507 M.
473 452 552 507 VAL.
571 450 770 506 MARTIALIS

134 615 290 681 Omnibus
315 615 453 700 adrides‚
476 616 611 680 dicteria
633 615 712 680 diois
734 616 769 679 in
792 636 917 698 omnes3

179 703 231 768 Sic
254 708 287 768 te
311 705 479 769 convivam
501 725 596 789 posse
619 703 746 788 plaeere
769 706 875 786 putas.

108 792 180 856 snt
203 793 228 856 si
253 813 313 878 ego
336 814 403 856 non
425 793 524 875 belle,
547 791 604 855 sed
626 812 700 855 vere
724 791 833 856 dixero
857 791 1023 876 quiddam,

177 879 280 946 Nemo
303 880 503 965 propinabit,
526 878 723 962 Calliodore,
745 880 816 944 tibi.

542 1019 640 1086 XLV.

133 1125 288 1211 Lusistis,
312 1128 392 1193 satis
416 1131 479 1209 est:
502 1127 614 1191 lascivi
636 1127 750 1192 nubite
773 1127 883 1191 cunni:

178 1214 341 1280 Permissa
364 1220 414 1280 est
434 1215 529 1280 nobis
552 1237 618 1280 non
639 1215 703 1279 nisi
726 1219 816 1280 easta
837 1213 957 1280 Venus.

133 1302 223 1367 Haeo
246 1307 296 1368 est
318 1310 409 1369 easta
430 1303 563 1369 Venus?
584 1304 680 1367 nubit
701 1302 853 1368 Laetoria
875 1303 1005 1389 Lygdo:

177 1391 316 1477 Turpior
338 1415 419 1458 uxor
442 1393 516 1476 erit,
541 1414 637 1476 quam
660 1392 755 1457 modo
779 1391 913 1456 moecha
934 1392 1007 1457 fuit.

536 1532 650 1598 XLVI.

137 1638 279 1723 Vapulat
302 1639 434 1704 adsidue
458 1641 566 1704 veneti
590 1639 747 1724 quadriga
769 1638 914 1722 flagello,

178 1726 247 1792 Neo
269 1728 382 1792 currit:
405 1749 559 1813 magnam
581 1750 663 1810 rem,
687 1725 835 1811 Catiane,
856 1725 945 1792 facit.

529 1867 658 1932 XLVII.

135 1973 300 2059 Nympha,
323 1975 387 2039 mei
411 1973 531 2039 Stellae
554 1995 637 2058 quae
658 1974 749 2039 fonte
773 1974 950 2039 domestica
972 1996 1053 2058 puro

179 2062 314 2126 Laberis
338 2067 371 2126 et
394 2063 516 2128 domini
539 2083 686 2147 gemmea
707 2067 794 2127 teuta
817 2063 920 2144 subis,

136 2149 208 2215 Sive
232 2149 359 2216 Numae
382 2151 519 2216 coniunx
541 2151 668 2215 Triviae
691 2155 723 2215 te
748 2151 837 2215 misit
860 2151 901 2215 ab
926 2151 1042 2235 antris,

180 2238 254 2304 Sive
277 2238 490 2304 Camenarum
513 2240 551 2304 de
575 2261 674 2326 grege
695 2261 782 2303 nona
804 2240 906 2303 venis:

109 2328 267 2392 tExolvit
290 2328 374 2393 votis
397 2330 458 2393 hae
481 2351 515 2393 se
538 2328 600 2392 tibi
622 2328 748 2413 virgine
770 2349 870 2411 porea

178 2416 320 2501 Marcus,
343 2416 497 2482 furtivam
520 2417 605 2500 quod
628 2417 725 2499 bibit,
749 2437 859 2501 aeger,
882 2434 1008 2499 aquam.

135 2504 185 2568 Tu
209 2508 362 2569 contenta
384 2527 456 2570 meo
479 2506 546 2569 iam
568 2504 700 2569 erimine
724 2504 841 2589 gaudia
863 2503 963 2568 fontis

179 2592 230 2657 Da
254 2615 366 2658 secura
388 2595 450 2658 tui:
474 2593 517 2656 sit
540 2593 621 2657 mihi
644 2614 724 2656 sana
747 2593 828 2657 sitis.

519 2733 668 2799 XLVIII.

36 2844 71 2890 Ν
136 2839 229 2915 Quod
252 2843 321 2903 tam
344 2839 465 2921 grande
489 2841 608 2926 sophos
632 2840 751 2905 elamat
773 2840 836 2904 tibi
854 2840 951 2904 turba
969 2844 1099 2926 togata,

180 2925 256 2991 Non
279 2932 329 3011 tu,
352 2927 525 3012 Pomponi,
548 2951 627 2993 aena
650 2928 772 2992 diserta
794 2932 852 2992 tua
875 2933 933 2994 est.

539 3067 652 3133 XLIX.

135 3173 211 3238 Non
235 3197 306 3239 sum
329 3174 367 3239 de
390 3174 501 3259 fragili
524 3174 653 3239 dolatus
677 3174 779 3257 ulmo,

135 3261 204 3327 Nee
228 3285 309 3346 quae
334 3265 401 3326 stat
423 3263 529 3346 rigida
552 3264 669 3349 supina
691 3286 785 3342 vena,

135 3349 185 3414 De
207 3350 297 3436 ligno
321 3350 401 3414 mihi
425 3351 569 3434 quolibet
593 3351 743 3416 columna
766 3356 828 3435 est,

137 3438 201 3504 Sed
222 3440 297 3504 viva
320 3442 473 3525 generata
497 3440 535 3504 de
560 3462 727 3524 cupressu:

110 3528 224 3603 oQuae
246 3549 306 3592 neo
330 3527 459 3592 saecula
482 3529 601 3593 centies
626 3531 758 3611 peraeta

136 3615 204 3681 Nee
227 3616 343 3701 longae
367 3618 485 3681 cariem
508 3617 602 3681 timet
625 3623 781 3683 senectae.

134 3702 230 3770 Hane
252 3708 302 3789 tu,
326 3705 471 3790 quisquis
495 3727 543 3790 es,
567 3728 585 3770 o
609 3706 729 3790 malus,
751 3708 876 3772 timeto.

118 3789 209 3856 Nam
234 3793 267 3858 si
290 3795 343 3860 vel
365 3795 523 3864 minimos
546 3818 649 3863 manu
668 3796 783 3881 napaei
