2408 4132
372 317 671 396 EPIGRAMMATON
688 321 756 375 LIB.
774 321 809 379 V.
1033 323 1096 386 113

531 482 649 545 XXIII.

136 587 321 651 Herbarum
344 587 453 651 fueras
477 588 622 671 indutus,
644 587 761 672 Basse,
784 590 920 672 colores,

178 675 255 739 Iura
277 677 447 740 theatralis
472 676 547 740 dum
572 677 688 741 siluere
711 677 784 742 loci.

137 763 225 837 Quae
248 768 421 848 postquam
444 764 564 848 placidi
587 766 728 829 censoris
752 787 829 830 cura
851 766 977 829 renasci

178 851 280 915 Iussit
304 855 336 915 et
359 851 520 916 Oceanum
544 853 661 916 certior
685 854 775 917 audit
799 875 908 938 eques,

108 938 212 1004 eNon
234 940 297 1002 nisi
320 940 371 1003 vel
395 961 488 1004 cocco
513 940 641 1004 madida
663 943 716 1006 vel
740 942 860 1006 murice
882 942 986 1006 tincta

180 1027 281 1091 Veste
303 1027 388 1090 nites
413 1032 445 1091 et
467 1031 500 1091 te
525 1029 570 1092 sic
594 1029 669 1093 dare
692 1030 791 1093 verba
813 1034 916 1113 putas,

137 1116 453 1200 Quadringentorum
475 1116 584 1180 nullae
607 1121 695 1200 sunt,
718 1117 832 1200 Basse,
855 1119 1015 1200 lacernae,

180 1204 248 1268 Aut
272 1226 361 1268 meus
385 1207 459 1268 ante
483 1226 594 1269 omnes
617 1204 741 1270 Cordus
764 1207 898 1270 haberet
921 1228 1047 1289 equum.

535 1397 653 1465 XXIV.

63 1512 82 1538 “
136 1503 273 1567 Hermes
297 1502 417 1567 Martia
440 1505 560 1568 saeculi
582 1505 659 1569 volu
683 1509 746 1588 tas,

136 1591 273 1656 Hermes
298 1592 446 1656 omnibus
471 1592 614 1656 erudjtus
638 1528 751 1672 aijmim

136 1680 272 1744 Hermes
296 1683 328 1743 et
352 1680 514 1763 gladiator
537 1685 569 1744 et
592 1683 762 1766 magister,

137 1768 273 1833 Hermes
297 1769 394 1832 turba
418 1769 468 1832 sui
491 1773 675 1854 tremorque
697 1770 779 1854 ludi,
1078 1807 1093 1853 s

110 1857 286 1939 5Hermes‚
310 1878 404 1939 quem
427 1857 523 1921 timet
544 1857 671 1942 Helius,
694 1858 749 1922 sed
772 1869 885 1940 unum',
1044 1852 1079 1873 ”⁸

138 1945 288 2027 Hermes,
311 1946 360 2008 cui
384 1945 470 2008 cadit
492 1943 671 2029 Ammona,
695 1946 841 2028 sedani,

136 2031 272 2097 Hermes
296 2034 504 2184 vincpofflec
526 2032 622 2096 ferire
646 2034 774 2117 doctus,

137 2121 274 2185 Hermes
298 2118 380 2205 supp
446 2120 526 2184 rius
551 2121 614 2184 sibi
636 2121 720 2205 ipse,
826 2128 831 2140 ’

136 2207 272 2273 Hermes
297 2208 429 2272 divitiae
452 2208 660 2290 locariorum‚

96 2297 273 2361 roHermes
298 2319 375 2360 cura
396 2296 552 2379 laborque
576 2297 779 2380 ludiarum,¹

137 2386 273 2449 Hermes
296 2385 454 2469 belligera
478 2386 634 2468 superbus
657 2385 767 2467 hasta5

137 2473 274 2538 Hermes
299 2495 456 2556 aequoreo
480 2473 591 2538 minax
612 2473 766 2565 tridente,

137 2561 274 2625 Hermes
298 2561 421 2637 casside
445 2561 599 2645 languida
621 2561 813 2644 timendus„
881 2595 886 2607 -v

137 2649 274 2714 Hermes
299 2650 406 2735 gloria
427 2649 543 2714 Martis
567 2649 722 2733 universi,
762 2674 844 2727 „sum

94 2754 126 2801 15
137 2737 273 2802 Hermes
297 2738 406 2802 omnia
430 2739 521 2808 solus,
542 2740 574 2802 et
597 2742 648 2802 ter
670 2760 762 2802 unus.

136 3038 399 3124 „Quadringenta
421 3029 482 3102 tibi
505 3060 569 3102 non
594 3042 682 3120 sunt,
701 3037 940 3102 Chaerestrato:
964 3059 1074 3124 surge,

181 3127 293 3190 Leitus
317 3148 388 3190 ecce
410 3126 512 3191 venit:
533 3127 594 3188 stat
617 3126 706 3211 fuge,
729 3146 833 3209 curre,
855 3122 948 3188 late.“

136 3214 270 3297 Ecquis,
293 3216 341 3297 io,
362 3219 493 3278 revocat
517 3214 794 3297 discedentemque
817 3213 961 3278 reducit?

180 3303 314 3386 Ecquis,
336 3303 382 3380 io,
406 3303 515 3386 largas
538 3302 652 3385 pandit
675 3303 795 3366 amicus
819 3303 919 3384 opes?

109 3391 369 3466 aQuemchartis
379 3389 548 3474 famaeque
556 3391 668 3454 damus
676 3390 868 3474 populisque
879 3389 1096 3473 loquendum?

183 3479 262 3554 Quis
287 3477 418 3564 Stygios
441 3500 507 3542 non
529 3478 600 3543 vult
621 3482 710 3542 totus
734 3478 821 3541 adire
844 3478 955 3542 lacus?

136 3566 221 3650 Hoc,
244 3588 338 3652 rogo,
360 3589 426 3630 non
448 3566 577 3650 melius,
600 3588 697 3651 quam
719 3565 818 3630 rubro
837 3567 970 3648 quipita
982 3566 1106 3627 simma

181 3654 340 3741 Spargere
363 3659 396 3721 et
419 3654 521 3724 effuso
545 3655 778 3746 permaduisse
800 3654 923 3721 croco‘}

130 3767 212 3808 Maur.
965 3757 989 3802 g
