2408 4132
91 289 155 353 338
418 288 455 342 n.
473 287 555 342 vnn.
574 285 770 340 nnurrnars

452 447 592 512 CLXIV.
613 449 736 513 Discus

137 545 309 630 Splendida
333 567 404 609 cum
428 546 568 611 volitant
591 543 744 630 Spartani
768 545 912 627 pondera
936 547 1038 634 disci,

179 636 258 698 Ilste
281 634 406 717 procul,
429 634 534 718 pueri:
558 635 606 716 sit
625 635 724 698 semel
747 634 803 698 ille
826 655 957 701 nocens.

452 773 576 840 CLXV.
601 775 739 840 Cithara.

135 869 285 934 Reddidit
306 871 490 955 Eurydicen
512 873 593 936 vati:
617 871 673 935 sed
695 870 836 954 perdidit
858 872 943 956 ipse,

179 959 265 1023 Dum
289 959 352 1022 sibi
373 981 439 1023 non
462 959 563 1024 credit
584 982 643 1024 nec
665 961 827 1043 patienter
850 965 949 1028 amat.

465 1099 606 1166 CLXVI.
629 1101 726 1167 Idem,

135 1195 184 1259 Dc
207 1194 404 1277 Pompeiano
429 1220 523 1282 saepe
548 1202 597 1262 est
620 1199 721 1263 eiecta
743 1197 872 1263 theatro

179 1283 266 1359 Quae
289 1286 380 1349 duxit
403 1286 501 1350 silvas
525 1286 726 1371 detinuitque
748 1286 842 1351 feras.

420 1426 581 1492 CLXVII.
604 1426 768 1492 Plectrum.

134 1520 269 1586 Fervida
290 1545 331 1586 ne
353 1523 431 1587 trito
454 1525 517 1587 tibi
539 1525 657 1609 pollice
680 1525 797 1608 pusula
820 1527 948 1608 surgat,

178 1610 345 1675 Exornent
369 1611 504 1676 docilem
527 1612 664 1677 candida
686 1614 809 1696 plectra
831 1612 947 1696 lyram.

420 1750 597 1818 CLXVIII.
622 1753 764 1818 Trochus.

133 1856 316 1921 Inducenda
339 1861 412 1921 rota
435 1864 498 1923 est:
522 1858 578 1922 das
602 1859 695 1923 nobis
719 1858 800 1923 utile
823 1879 954 1922 munus:

177 1944 245 2010 Iste
268 1945 399 2010 trochus
423 1949 543 2031 pueris,
567 1947 705 2011 etmihi
729 1946 863 2012 canthus
887 1946 958 2011 erit.
989 1978 994 1985 ·

463 2085 602 2151 CLXIX.
626 2088 722 2153 Idem.

133 2192 291 2257 Garrulus
314 2193 348 2257 in
371 2194 445 2258 laxo
469 2216 525 2258 cur
548 2193 662 2258 anulus
687 2195 764 2258 orbe
786 2195 948 2280 vagatur?

177 2280 279 2346 Cedat
301 2284 339 2345 ut
363 2283 487 2366 argutis
512 2283 607 2346 obvia
629 2283 726 2346 turba
750 2282 880 2348 trochis.

290 2421 412 2487 CLXX.
435 2423 566 2506 Siquam
590 2423 740 2488 Victoriae
762 2443 898 2488 aarum.

131 2527 221 2591 Haec
243 2527 293 2590 illi
317 2529 385 2591 sine
409 2533 495 2592 sorte
519 2529 625 2611 datur,
649 2529 700 2592 cui
722 2529 854 2592 nomina
877 2528 1018 2597 Rhenus

176 2614 263 2679 Vera
286 2614 381 2679 dedit.
418 2616 531 2680 Decies
555 2616 635 2681 adde
657 2616 809 2700 Falerna,
831 2639 920 2701 puer.

373 2757 526 2840 Βρούτου
547 2759 683 2822 παιδίον
704 2759 803 2840 fietile.

133 2858 246 2924 Gloria
268 2863 337 2924 tam
360 2862 453 2944 perri
475 2884 540 2926 non
563 2868 612 2928 est
636 2865 772 2930 obscura
795 2850 910 2949 sigilli:

174 2948 274 3012 Istius
297 2949 389 3031 pueri
411 2947 531 3014 Brutus
555 2956 682 3016 amator
705 2957 781 3017 erat.

296 3088 450 3156 CLXXII.
473 3090 676 3158 Sauroctonos
699 3092 883 3160 Cortnthr'us.

131 3194 184 3259 Ad
206 3197 238 3257 te
261 3196 416 3279 reptanti,
438 3217 518 3279 puer
540 3197 706 3280 insidiose,
728 3200 866 3264 lacertae

174 3280 287 3348 Parce:
311 3284 399 3366 cupit
423 3284 531 3369 digitis
555 3285 614 3350 illa
635 3287 740 3370 perire
762 3287 837 3351 tuis.

333 3425 530 3508 Hyacinthus
552 3428 587 3490 r'n
610 3427 715 3491 tabula
732 3429 842 3510 pictus.

129 3529 250 3596 Flectit
273 3531 314 3595 ab
337 3531 441 3596 inviso
466 3533 638 3597 morientia
661 3533 784 3597 lumina
806 3533 894 3597 disco

169 3620 326 3690 Oebalius
330 3676 340 3713 ‚
364 3621 494 3692 Phoebi
515 3623 612 3712 culpa
633 3621 805 3709 dolorque,
818 3643 911 3702 puer.
