2408 4132
327 464 621 523 EPIGRAMMATON
638 466 704 523 LlB.
723 468 769 525 IX.
946 477 948 486 '
985 469 1049 534 223

87 627 184 693 Nunc
205 628 287 692 mihi
310 628 373 712 dio,
397 629 468 711 quis
493 629 567 711 erit,
585 629 637 694 cui
659 635 703 714 te,
723 628 898 715 Oalocisse,
918 631 1049 697 deorum

133 715 194 781 Sex
217 718 312 781 iubeo
336 716 471 801 cyathos
493 717 651 783 fundere?
687 717 824 801 „Caesar
847 720 937 785 erit.“

62 803 203 870 oSutilis
227 809 358 887 aptetur
381 805 485 869 decies
509 828 584 870 rosa
607 805 763 890 crinibus,
785 810 823 872 ut
846 810 892 872 sit

133 891 196 969 Qui
218 894 328 977 posuit
351 914 461 957 sacrae
484 893 593 958 nobile
617 896 724 978 gentis
748 916 838 979 opus.

88 979 180 1045 Nunc
204 981 254 1046 bis
277 982 375 1065 quina
398 981 478 1045 mihi
502 983 542 1046 da
565 983 669 1063 basia,
691 984 750 1047 fiat
772 987 809 1048 ut
831 983 911 1048 illud

132 1068 273 1153 Nomen,
296 1069 336 1135 ab
361 1068 498 1154 Odrysio
523 1070 608 1155 quod
632 1071 708 1135 deus
733 1071 810 1136 orbe
834 1072 919 1135 tulit.

490 1209 604 1276 XCIV.

89 1314 261 1380 Sardonica
286 1315 445 1380 medicata
469 1316 556 1381 dedit
579 1316 659 1380 mihi
681 1317 798 1401 pocula
820 1317 912 1402 virga

135 1441 172 1450 —
185 1403 230 1468 Os
239 1403 392 1468 hominis!
404 1441 446 1450 —
455 1405 595 1469 mulsum
607 1409 639 1469 et
653 1427 704 1469 mc
718 1411 814 1490 rogat
824 1404 1049 1491 Hippocrates.

88 1492 167 1557 Tam
187 1493 335 1576 stupidus
354 1514 519 1576 nunquam
538 1515 597 1558 nec
614 1497 665 1575 tu,
682 1499 774 1576 puto,
794 1493 926 1577 Glauce,
945 1494 1049 1577 luisti,

133 1578 272 1646 Chalcea
296 1581 429 1645 donanti
453 1581 582 1666 chrysia
604 1581 658 1664 qui
681 1582 825 1647 dederas.
871 1651 875 1659 ,

62 1668 189 1734 sDulce
212 1668 331 1752 aliquis
354 1691 470 1734 munus
493 1692 552 1754 pro
577 1692 706 1734 munere
729 1671 835 1754 poscit
859 1670 992 1735 amaro?

132 1756 296 1842 Accipiat,
320 1757 375 1821 sed
398 1757 425 1821 si
448 1761 543 1843 potat
566 1758 600 1822 in
623 1759 775 1824 elleboro.

500 1898 531 1963 X
590 1951 596 1963 .

56 2002 227 2088 ‘Alphius
251 2007 327 2068 ante
349 2003 426 2087 fuit,
449 1898 665 2089 coepianunc
688 2004 823 2087 Olphius
848 2027 931 2089 esre,

132 2091 275 2157 Uxorem
297 2096 471 2176 postquam
495 2092 586 2156 duxit
609 2093 845 2177 Athenagoras.

367 2295 369 2299 ,
484 2231 571 2297 XCV
581 2234 611 2298 b.
636 2288 638 2292 .

88 2335 232 2420 „Nomen
245 2335 505 2423 Athenagorae,“
520 2338 661 2422 quaeris,
676 2336 1050 2421 Callistrate„,verum?²‘

135 2423 170 2490 si
194 2425 273 2509 sci0,
297 2426 489 2508 dispeream,
521 2427 577 2510 qui
604 2427 647 2491 sit
676 2426 911 2509 Athenagoras.

62 2512 151 2580 oSed
174 2518 253 2598 puta
277 2535 328 2577 me
352 2535 474 2594 verum,
499 2511 699 2598 Callistrate,
723 2513 828 2578 dicere
849 2536 982 2579 nomen:

132 2600 208 2666 Non
231 2623 306 2688 ego,
329 2601 386 2666 sed
408 2604 515 2666 vester
536 2606 649 2686 peccat
671 2602 909 2688 Athenagoras.

491 2741 605 2807 XCVI.

89 2848 233 2915 Clinicus
255 2847 401 2914 Herodes
424 2849 559 2913 trullam
583 2849 778 2914 subduxerat
801 2871 913 2936 aegro:

132 2936 317 3021 Deprensus
340 2937 421 3002 dixit
442 2936 581 3022 „Stulta
605 2937 681 3022 quid
705 2959 782 3024 ergo
805 2938 932 3004 bibis?“

87 3185 263 3270 Rumpitur
285 3185 407 3249 invidia
430 3185 575 3270 quidam,
599 3184 762 3250 carissime
785 3185 862 3268 Iuli,

134 3273 227 3350 Quod
250 3296 301 3338 me
325 3273 428 3338 Roma
451 3274 547 3357 legit,
569 3274 731 3358 rumpitur
753 3274 883 3339 invidia.

87 3363 262 3445 Rumpitur
283 3362 418 3444 invidia,
442 3362 527 3447 quod
550 3362 646 3425 turba
670 3382 796 3445 semper
819 3361 853 3425 in
876 3361 963 3426 omni

131 3450 353 3515 Monstramur
377 3450 493 3534 digito,
516 3450 679 3534 rumpitur
700 3449 830 3513 invidia.

62 3539 263 3624 tRumpitur
285 3537 419 3616 invidia,
443 3539 560 3603 tribuit
583 3538 668 3622 quod
692 3535 811 3601 Caesar
834 3541 967 3622 uterque

130 3626 185 3692 Ius
208 3627 289 3692 mihi
312 3630 477 3710 natorum,
500 3629 662 3710 rumpitur
683 3625 813 3690 invidia.

86 3714 261 3799 Rumpitur
281 3714 417 3798 invidia,
436 3715 520 3798 quod
540 3737 594 3778 rus
613 3714 693 3777 mihi
713 3714 803 3778 dulce
822 3713 882 3779 sub
901 3713 980 3779 urbe
1000 3717 1050 3778 est

129 3800 298 3893 Parvaque
318 3804 355 3869 in
376 3803 456 3869 urbe
480 3802 595 3869 domus
601 3855 610 3891 ,
631 3802 800 3890 rumpitur
819 3801 965 3866 insibus.
