2408 4132
124 463 186 526 108
449 463 487 519 M.
505 463 587 518 VAL.
606 455 802 518 MAR'IIALIS
823 378 899 530 'fat

168 622 220 688 Sia
242 629 397 708 tanquam
419 624 502 689 nihil
525 626 640 689 offeras
664 646 814 710 agesque.
825 586 843 603 'i

167 711 201 775 si
224 713 300 776 novi
323 713 485 776 dominum
510 735 627 777 novem
651 735 812 796 sororum,

165 798 261 864 Ultro
285 823 483 885 purpureum
506 805 595 884 petet
617 802 773 866 libellum.

585 958 657 1024 VII.

165 1063 321 1146 Qualiter·
334 1063 489 1147 Assyrios
513 1069 671 1129 renovant
693 1064 840 1129 incendia
862 1065 968 1149 nidos,

209 1152 282 1216 Una
306 1152 414 1216 decem
439 1152 588 1235 quotiens
612 1155 737 1217 saecula
759 1153 840 1218 vixit
863 1154 945 1235 avis,

165 1240 287 1303 Taliter
311 1243 407 1303 exuta
431 1244 480 1304 est
504 1245 644 1305 veterem
666 1262 752 1306 nova
774 1241 880 1305 Roma
903 1244 1069 1305 senectam

136 1405 138 1409 Ι
209 1328 254 1391 Et
277 1329 415 1411 sumpsit
438 1329 548 1392 vultus
570 1329 728 1411 praesidis
751 1329 823 1412 ipsa
846 1329 904 1393 sui.

165 1415 235 1479 Iam
259 1438 373 1498 precor
396 1416 518 1480 oblitus
541 1422 685 1499 nostrae,
707 1415 865 1498 Volcano,
889 1415 1052 1499 querellae

210 1503 322 1568 Parce:
347 1526 456 1567 sumus
480 1504 596 1568 Martis
620 1506 730 1586 turba,
753 1505 809 1568 sed
833 1509 866 1569 et
887 1503 1038 1568 Veneris:

165 1591 278 1672 Parce,
300 1595 406 1675 pater:
431 1591 476 1655 sie
499 1592 680 1657 Lemniacis
704 1592 825 1656 lasciva
848 1592 971 1656 catenis

208 1678 362 1763 Ignoscat
386 1680 524 1744 coniunx
548 1684 579 1745 et
602 1682 762 1765 patienter
786 1684 881 1744 amet.

66 1854 106 1951 tp·
579 1837 668 1901 VIII.

165 1941 319 2005 Edictum
343 1942 464 2006 domini
487 1943 599 2025 deique
622 1944 740 2027 nostri,

167 2029 235 2104 Quo
260 2030 415 2094 subsellia
438 2031 576 2095 certiora
593 2031 681 2095 'fiunt

149 2117 210 2181 'Et
232 2140 330 2201 puros
355 2140 452 2202 eques
476 2119 603 2183 ordines
626 2120 760 2204 recepit,

164 2205 250 2270 Dum
274 2206 387 2271 laudet
409 2208 504 2272 modo
528 2208 643 2271 Phasis
666 2209 701 2272 in
723 2209 865 2293 theatro,
976 2205 979 2212 ’

139 2293 281 2358 aPhasis
304 2297 474 2379 purpureis
497 2297 594 2360 ruber
617 2297 768 2379 lacernis,

165 2383 211 2447 Et
232 2383 333 2447 iactat
354 2384 478 2449 tumido
502 2385 659 2468 superbus
683 2407 737 2449 ore
963 2418 1007 2503 J

164 2471 325 2552 „Tandem
349 2472 547 2536 commodius
571 2472 647 2537 licet
671 2474 793 2556 sedere,
964 2548 982 2573 J

163 2557 259 2622 Nunc
284 2564 333 2623 est
355 2560 481 2623 reddita
504 2560 645 2645 dignitas
669 2561 838 2644 equestris,
943 2588 976 2623 a
1061 2582 1065 2588 ·

164 2646 274 2710 Turba
296 2669 361 2710 non
384 2648 561 2730 premimur
583 2670 642 2712 nee
664 2647 902 2732 inquinamur“:
918 2630 954 2701 θ

122 2732 254 2797 10Haec
278 2738 310 2796 et
332 2735 413 2798 talia
436 2735 512 2798 dum
535 2735 634 2799 refert
656 2737 803 2820 supinus,

163 2819 243 2883 Illas
267 2843 444 2904 purpureas
469 2826 501 2885 et
525 2826 715 2906 arrogantes
818 2873 822 2877 -

164 2908 265 2971 Iussit
288 2928 420 2991 surgere
444 2909 555 2973 Leitus
579 2911 733 2976 lacernas.
761 2884 889 2968 ΜΨ

36 3079 89 3225 Μ,
128 3222 143 3247 ,
165 3171 388 3254 Languebam:
413 3170 469 3234 sed
491 3173 527 3234 tu
551 3172 723 3236 comitatus
747 3175 893 3256 protinus
917 3177 1032 3241 adme

87 3265 89 3269 ’
209 3258 337 3323 Venisti
361 3262 504 3341 centum,
528 3258 733 3344 Symmache,
757 3262 932 3346 discipulis.
1002 3272 1096 3344 „Aa

166 3347 303 3413 Centum
327 3369 378 3411 me
401 3348 539 3430 tetigere
563 3370 677 3412 manus
702 3351 851 3433 aquilone
875 3349 1058 3436 genuae.

209 3436 284 3502 Non
307 3436 407 3500 hebui
428 3434 565 3519 febrem,
589 3435 794 3521 Symmaehe‚
816 3461 901 3504 nune
924 3441 1038 3505 habeo.

605 3594 643 3660 X.

165 3703 266 3789 „Esse
290 3700 452 3786 quidhoc
475 3701 593 3786 dicam,
616 3702 700 3767 vivis
724 3704 810 3788 quod
831 3705 919 3769 fama
940 3709 1079 3790 negetur

197 3790 249 3855 Et
270 3812 332 3855 sua
356 3790 443 3876 quod
466 3812 561 3857 rarus
583 3794 733 3878 tempora
755 3793 856 3857 lector
880 3793 1010 3857 amat‘l“
