2408 4132
343 352 640 410 EPIGRAMMATON
657 354 723 414 LlB.
741 355 815 412 VIII.
1020 359 1084 425 183

508 517 661 583 XXXIII.

123 625 172 689 De
194 624 388 709 praetoricia
409 623 527 689 folium
549 624 643 709 mihi,
667 623 781 709 Paule,
805 645 924 691 corona
962 688 967 702 ,

167 711 272 777 Mittis
295 716 329 778 et
350 712 412 777 hoc
433 712 564 798 phialae
585 735 705 777 nomen
727 713 846 778 habere
869 715 970 780 iubes.

122 800 193 867 Hac
215 802 323 866 fuerat
344 823 448 885 nuper
470 801 588 865 nebula
610 800 672 866 tibi
694 822 812 887 pegma
833 806 1038 888 perunctum,

167 890 295 955 Pallida
318 912 413 973 quam
436 890 527 953 rubri
549 889 644 954 diluit
666 890 753 954 unda
775 893 870 956 croci.

98 979 175 1043 shn
199 979 305 1063 magis
328 978 430 1042 astuti
452 978 566 1043 derasa
589 981 639 1043 est
661 999 768 1063 ungue
791 980 934 1044 ministri

168 1067 315 1151 Brattea,
338 1066 377 1130 de
398 1066 500 1131 fulcro
524 1089 622 1150 quam
644 1087 717 1131 reor
741 1088 811 1131 esse
833 1069 914 1132 tuo?

122 1156 185 1220 Illa
206 1158 317 1239 potest
339 1155 473 1220 culicem
497 1156 594 1241 longe
617 1155 737 1219 sentire
759 1156 925 1220 volantem

166 1243 211 1307 Et
233 1243 359 1308 minimi
381 1243 481 1329 plnna
503 1244 677 1329 papilionis
701 1243 770 1329 agi3

122 1331 269 1417 Exiguae
291 1331 408 1397 volitat
431 1353 587 1415 suspensa
609 1354 729 1415 vapore
751 1334 899 1397 lucernae

80 1438 113 1486 10
166 1421 212 1486 nt
234 1420 349 1485 leviter
371 1421 443 1484 fuso
466 1421 628 1504 rumpitur
650 1422 716 1485 icta
738 1442 836 1485 mero.
921 1461 924 1466 -

123 1507 194 1574 Hoc
217 1509 331 1574 linitur
354 1512 449 1593 sputo
472 1508 544 1572 Iani
567 1512 702 1592 caryota
723 1509 892 1593 Kalendis,

166 1597 270 1674 Quam
291 1596 358 1662 fert
380 1619 452 1662 cum
475 1618 572 1679 parco
596 1597 745 1662 sordidus
769 1619 840 1662 asse
863 1596 972 1663 cliens.

122 1684 224 1750 Lenta
245 1685 352 1749 minus
375 1685 491 1770 gracili
514 1689 662 1751 crescunt
684 1685 844 1751 colocasia
866 1687 935 1771 filo,

167 1775 269 1839 Plena
292 1775 398 1858 magis⁴
418 1772 519 1839 nimio
542 1773 614 1838 lilia
638 1775 705 1839 sole
729 1775 862 1858 cadunt3

80 1863 190 1928 15Nec
211 1883 297 1948 vaga
318 1867 387 1927 tam
410 1862 500 1925 tenui
523 1862 674 1927 discurrit
698 1885 816 1928 aranea
839 1864 920 1948 tela,

166 1952 248 2016 'Iam
270 1952 340 2015 leve
362 1971 421 2015 nec
444 1950 587 2033 bombyx
609 1950 767 2033 pendulus
790 1955 885 2034 urget
909 1973 999 2035 opus.

123 2039 270 2105 Crassior
291 2039 327 2102 in
348 2037 432 2103 facie
454 2039 580 2103 vetulae
604 2041 671 2102 stat
694 2042 782 2103 creta
804 2037 972 2117 Fabullae,

166 2127 314 2193 Crassior
338 2127 477 2190 offensae
500 2125 592 2190 bulla
613 2127 766 2191 tumescit
789 2148 904 2210 aquae3

121 2216 251 2282 Fortior
274 2220 307 2280 et
329 2217 433 2279 tortos
458 2217 566 2279 serrat
588 2214 696 2278 vesica
720 2214 855 2297 capillos

78 2322 112 2370 20
165 2305 211 2369 Et
234 2306 340 2368 mutat
362 2303 472 2367 Latias
497 2322 611 2387 spuma
632 2302 758 2367 Batava
781 2324 899 2369 comas.

121 2393 199 2458 Hac.
214 2397 295 2457 cute
308 2391 434 2456 Ledaeo
458 2390 594 2456 vestitur
616 2391 725 2476 pullus
748 2391 783 2455 in
806 2412 880 2476 ovo,

164 2480 260 2545 Talia
281 2480 395 2545 lunata
418 2480 545 2564 splenia
566 2479 674 2544 fronte
698 2479 820 2544 sedent.

122 2568 204 2645 Quid
226 2569 288 2634 tibi
311 2591 383 2634 cum
406 2567 529 2651 phiala,
556 2567 692 2653 ligulam
715 2589 788 2632 curn
811 2567 940 2634 mittere
963 2571 1083 2655 possis,

165 2657 296 2722 Mittere
320 2679 392 2721 cnm
414 2656 520 2740 possis
543 2657 595 2722 vel
618 2656 762 2722 cocleare
784 2655 879 2742 mihi,
901 2694 945 2704 —

79 2762 111 2811 ao
122 2745 240 2830 Magna
249 2745 346 2809 nimis
356 2745 519 2829 loquimur
528 2781 572 2792 -·-
582 2745 724 2810 cocleam
738 2768 812 2811 cum
824 2745 954 2811 mittere
963 2747 1083 2831 possis,

164 2834 311 2918 Denique
334 2855 407 2899 cum
429 2833 536 2918 possis
559 2834 703 2919 mittere,
725 2833 839 2919 Paule,
862 2835 966 2900 nihil?

506 3026 655 3093 XXXIV.

122 3134 342 3219 Archetypum
365 3133 458 3216 Myos
482 3138 653 3219 argentum
675 3139 708 3199 te
732 3136 809 3200 dicia
833 3135 961 3201 hahere.

93 3319 95 3324 .
165 3221 257 3298 Quod
271 3224 340 3287 sine
354 3222 518 3288 tefactum
528 3227 586 3306 est,
596 3223 657 3288 hoc
668 3225 772 3310 magis
789 3224 1001 3311 archetypum
1012 3223 1083 3288 est?

512 3416 645 3482 XXXV.

121 3518 204 3585 Cum
226 3521 298 3585 sitis
322 3520 444 3585 similes
467 3542 624 3606 paresque
648 3522 728 3604 vita,

120 3606 211 3674 Uxor
233 3608 389 3694 pessima,
412 3609 571 3692 pessimus
596 3611 747 3694 maritus,
836 3658 857 3677 a

119 3695 233 3782 Miror,
254 3719 322 3763 non
346 3699 426 3765 bene
451 3699 626 3767 convenire
648 3699 761 3766 robis.
