2408 4132
335 334 632 390 EPIGRAMMATON
650 335 718 392 LIB.
737 336 771 391 Π.
1015 338 1057 400 41

93 497 176 563 Esse
199 498 262 562 tibi
284 501 378 561 tanta
401 503 515 562 cautus
538 498 697 562 brevitate
719 497 861 562 videris?

138 585 200 649 Hei
223 585 316 669 mihi,
341 600 438 668 quem
462 586 575 649 multis
599 586 645 651 sie
668 607 795 669 quoque
816 587 934 672 longus
959 587 1036 651 eris!

531 725 573 790 H.

96 830 192 897 Creta
215 831 303 896 dedit
325 853 494 917 magnum,
517 832 621 896 maius
645 831 734 896 dedit
756 831 869 897 Africa
890 854 1022 917 nomen,

139 918 247 1001 Scipio
271 920 357 1003 quod
379 921 485 985 vietor
509 920 659 1004 quodque
681 919 832 986 Metellus
855 920 968 1006 habet,

100 1006 253 1072 Nobilius
277 1006 400 1072 domito
423 1009 540 1072 tribuit
562 1006 738 1072 Germania
759 1007 886 1090 Rhene,

139 1095 185 1159 Et
206 1117 287 1179 puer
309 1096 371 1160 hoe
395 1096 511 1180 dignus
533 1097 678 1180 nomine,
702 1094 833 1178 Caesar,
857 1117 938 1161 eras.

68 1182 210 1248 eFrater
232 1183 404 1248 Idumaeos
427 1184 546 1248 meruit
568 1206 640 1249 eum
663 1188 756 1269 patre
780 1185 976 1269 triumphos,

141 1271 230 1347 Quae
254 1271 351 1335 datur
374 1293 413 1335 ex
436 1270 566 1336 Chattis
589 1274 713 1354 laurea,
738 1275 810 1338 tota
832 1276 890 1337 tua
913 1276 971 1338 est

524 1412 583 1478 HI.

94 1517 208 1600 Sexte,
230 1517 315 1582 nihil
339 1519 450 1604 debes,
471 1520 519 1584 nil
542 1519 652 1602 debes,
676 1516 788 1602 Sexte,
809 1519 958 1585 fatemur.

138 1605 246 1670 Debet
269 1607 370 1690 enim,
394 1607 422 1671 si
446 1607 519 1690 quis
543 1608 681 1690 solvere,
705 1604 814 1691 Sexte,
836 1610 954 1692 potest.

524 1747 582 1812 IV.

94 1853 121 1918 Ο
148 1872 247 1937 quam
272 1853 411 1918 blandus
435 1875 483 1937 es,
506 1852 692 1936 Ammisne,
715 1840 826 1918 matri!

94 1939 202 2016 Quam
224 1940 345 2005 blanda
368 1944 419 2005 est
440 1941 502 2005 tibi
525 1945 642 2020 mater,
664 1940 851 2005 Ammianet

92 2027 243 2093 Fratrem
266 2031 298 2092 te
320 2033 418 2093 vocet
441 2032 475 2093 et
498 2050 590 2093 soror
613 2031 754 2093 vocatur.

96 2115 161 2180 Cur
182 2137 241 2180 vos
262 2116 395 2180 nomina
416 2116 573 2201 nequiora
595 2116 758 2200 tangunt?

67 2204 200 2280 sQuare
222 2225 289 2268 uon
311 2203 403 2269 iuvet
426 2204 487 2269 hoe
511 2204 596 2288 quod
619 2205 698 2268 estis
722 2203 813 2267 esse?

99 2291 222 2356 Lusum
244 2292 375 2356 creditis
398 2292 460 2357 hoe
482 2292 671 2375 iocumque?
707 2289 783 2355 Non
805 2294 868 2354 est:

94 2379 247 2463 Matrem,
270 2401 352 2464 quae
375 2380 465 2462 eupit
488 2402 557 2445 esse
580 2402 614 2444 se
638 2400 794 2462 sororem,

94 2466 162 2533 Nee
186 2470 325 2532 matrem
346 2466 438 2533 iuvat
462 2489 532 2533 esse
554 2490 613 2533 nee
637 2488 790 2533 sororem.

537 2608 577 2674 V.

94 2713 144 2778 Ne
168 2714 313 2798 valeam,
333 2715 361 2778 si
383 2736 448 2780 non
471 2716 565 2798 totis,
587 2714 742 2799 Deeisne,
766 2714 878 2778 diebus

137 2802 184 2866 Et
206 2807 315 2867 tecum
337 2803 417 2867 totis
440 2804 591 2868 noctibus
614 2823 685 2867 esse
707 2804 832 2868 velini·

97 2889 159 2954 Sed
183 2890 246 2954 duo
270 2893 347 2954 sunt
370 2912 457 2974 quae
474 2912 534 2956 nos
559 2891 749 2977 disiungmit
771 2890 862 2954 milia
884 2910 1029 2974 passum:
1165 2962 1170 2976 Ι

96 2989 99 2994 ’
140 2976 303 3053 Quattuor
325 2978 406 3043 haee
427 2979 525 3063 fiunt,
548 3001 619 3044 eum
642 2979 804 3043 rediturus
828 2999 909 3043 eam.
1113 2976 1165 3080 ,s

69 3065 200 3150 eSsepe
220 3066 307 3131 domi
328 3087 394 3130 non
413 3088 461 3148 ea,
484 3088 558 3132 eum
576 3067 621 3131 sis
640 3088 781 3153 quoque,
800 3087 895 3149 saepe
912 3064 1058 3150 negaris:

138 3153 201 3218 Vel
223 3157 352 3219 tuntum
375 3155 481 3219 causis
502 3157 554 3220 vel
578 3155 640 3219 tibi
663 3176 758 3238 saepe
782 3175 885 3218 uaeas

94 3241 140 3306 Te
162 3246 273 3306 tamen
295 3247 333 3306 ut
354 3242 495 3327 videam,
518 3242 581 3307 duo
604 3243 695 3306 milia
716 3264 781 3308 non
804 3241 895 3324 piget
918 3240 978 3304 ire:

138 3329 186 3394 Ut
204 3333 242 3394 te
264 3351 330 3395 non
347 3330 488 3414 videam,
512 3334 667 3415 quattuor
688 3331 736 3395 ire
759 3330 858 3414 piget.

525 3471 582 3536 VI.

93 3572 231 3654 Inune,
256 3575 349 3639 edere
371 3597 423 3639 me
446 3575 521 3639 iube
544 3575 683 3640 libellos·

92 3661 202 3727 Lectis
226 3663 281 3728 vix
303 3663 365 3729 tibi
385 3662 518 3752 paginis
541 3663 670 3732 duabus
