2408 4132
104 437 160 504 84⁶
430 436 469 492 n
489 437 568 491 VAL
586 437 780 491 munus

146 600 225 678 Quis
248 602 341 666 siccis
363 600 492 665 lascivit
516 602 609 684 aquis
631 605 664 664 et
687 601 729 664 ab
752 601 882 664 aethere
902 601 1008 666 ludit?

191 688 344 775 Suspicor
366 689 427 753 has
450 689 542 772 pueri
564 687 713 753 Caesaris
734 710 805 753 esse
826 690 928 754 uires.

577 818 625 881 IV

146 908 238 985 Quod
262 911 365 975 siccae
387 908 512 973 redolet
535 908 630 992 palus
652 909 799 991 lacunae,

146 996 326 1062 Crudarum
347 997 485 1061 nebulae
508 995 595 1080 quod
617 996 827 1079 Albularum,

145 1084 293 1151 Piscinae
315 1090 409 1149 vetus
432 1106 512 1148 aura
535 1083 621 1166 quod
643 1085 803 1161 marinae,

146 1174 238 1250 Quod
261 1195 375 1259 pressa
398 1173 491 1258 piger
513 1170 622 1234 hircus
644 1173 679 1235 in
701 1173 841 1256 capella,

120 1262 241 1327 uLassi
263 1261 432 1326 vardaicus
455 1260 542 1344 quod
564 1261 703 1341 evocati,

146 1350 237 1426 Quod
261 1350 312 1413 bis
335 1350 456 1413 murice
478 1348 581 1412 vellus
605 1348 824 1431 inquinatum,

146 1438 237 1514 Quod
260 1438 380 1501 ieiunia
402 1436 676 1517 sabbatariarum,

146 1525 345 1590 Maestorum
367 1525 452 1609 quod
476 1524 639 1589 anhelitus
662 1546 806 1605 reorum,

146 1612 238 1688 Quod
262 1633 397 1697 spurcae
420 1613 560 1676 moriens
583 1612 714 1676 lucerna
736 1610 857 1694 Ledae,

103 1716 136 1764 10
147 1700 238 1775 Quod
262 1703 425 1764 ceromata
446 1699 535 1764 faece
558 1700 596 1762 de
620 1697 774 1781 Sabina,¹

146 1786 237 1862 Quod
261 1787 368 1871 vulpis
390 1787 481 1871 fuga,
502 1787 633 1869 viperae
655 1787 774 1864 cubile,

146 1875 280 1939 Mallem
303 1896 402 1958 quam
424 1875 511 1957 quod
534 1875 601 1938 oles
626 1875 725 1958 olere,
748 1874 860 1940 Bassa

585 2004 617 2068 V

144 2095 205 2160 Vir
227 2095 332 2159 bonus
355 2097 388 2159 et
411 2116 533 2178 pauper
556 2095 729 2180 linguaque
752 2099 785 2159 et
807 2099 939 2179 pectore
961 2117 1074 2181 venis,
1192 2166 1197 2181 ἱ

190 2183 273 2259 Quid
297 2183 358 2246 tibi
381 2182 445 2266 vis,
467 2182 580 2247 urbem
603 2183 671 2267 qui,
694 2182 850 2267 Fabiana,
873 2185 981 2267 petis?

145 2270 207 2348 Qui
230 2294 289 2336 nec
311 2272 386 2335 leno
409 2274 503 2354 potes
525 2293 585 2335 neo
607 2270 799 2336 comissator
820 2271 948 2356 haberi,

189 2358 258 2425 Nec
280 2359 414 2443 pavidos
438 2359 526 2423 tristi
548 2381 626 2424 voce
649 2361 749 2424 citare
772 2380 860 2442 reos,

120 2446 215 2513 uNec
237 2451 330 2531 potes
354 2469 486 2512 uxorem
509 2447 576 2511 cari
599 2469 803 2531 corrumpere
826 2448 935 2531 amici,

189 2534 258 2599 Nec
280 2539 373 2618 potes
397 2535 542 2618 algentes
566 2536 708 2619 arrigere
732 2535 772 2599 ad
795 2535 935 2618 vetulas,

145 2624 293 2689 Vendere
314 2645 373 2688 neo
396 2645 497 2687 vanos
520 2624 639 2687 circum
661 2622 790 2687 Palatia
811 2622 933 2706 fumos,

190 2711 346 2776 Plaudere
368 2732 427 2775 neo
451 2709 554 2792 Cano,
576 2710 726 2794 plaudere
748 2732 808 2774 neo
831 2710 1013 2796 Glaphyrot

146 2801 238 2867 Unde
258 2798 355 2862 miser
372 2798 484 2861 vives?
516 2797 641 2880 „Homo
661 2800 781 2882 certus,
798 2798 881 2863 fidus
900 2801 1022 2865 amicus
1042 2801 1109 2868 —“.

104 2906 137 2956 10
191 2889 262 2953 Hoc
284 2885 367 2950 nihil
392 2888 453 2950 est:
476 2907 642 2968 nunquam
666 2885 711 2951 sie
734 2885 935 2952 Philomelus
958 2890 1031 2954 eris.

578 3015 634 3081 VI.

148 3110 242 3177 Credi
267 3106 391 3193 virgine
414 3103 534 3170 castior
556 3104 673 3188 pudica

147 3201 193 3264 Et
214 3197 332 3262 frontis
355 3199 484 3259 tenerae
507 3192 597 3276 cupis
620 3193 736 3277 videri,

148 3287 230 3354 Cum
254 3285 297 3349 sis
321 3282 513 3368 improbior,
535 3279 719 3362 Malisiane,

148 3376 252 3453 Quam
275 3372 330 3457 qui
353 3369 551 3455 compositos
574 3373 678 3434 metro
701 3368 823 3433 Tibulli

121 3465 188 3530 clu
210 3463 330 3528 Stellae
353 3461 469 3525 recitat
493 3459 587 3522 domo
610 3457 748 3522 libellos

569 3587 642 3654 VII.

149 3684 228 3768 Gur,
246 3684 322 3748 here
342 3682 427 3766 quod
447 3679 591 3763 dederas,
609 3677 718 3760 hodie,
735 3698 814 3762 puer
832 3676 944 3762 Hylle,
967 3681 1109 3766 negasti,

187 3773 299 3837 Durus
323 3775 391 3836 tam
415 3769 538 3856 subito,
561 3767 617 3854 qui
640 3765 735 3832 modo
758 3764 845 3829 mitis
869 3768 963 3832 eras?
