2408 4132
332 455 629 514 EPIGRAMMA'I'ON
646 457 713 514 ΜΒ.
733 458 792 514 VII.
1003 460 1065 525 157

504 617 623 681 XXIX.

100 723 267 807 Thestyle,
288 721 433 787 Victoris
457 727 656 787 tormentum
680 722 771 788 dulce
794 722 934 804 Voconi,

145 811 216 887 Quo
238 833 332 875 nemo
357 814 407 874 est
428 814 500 875 toto
523 811 633 876 notior
656 812 734 876 orbe
757 834 853 896 puer,

100 898 153 964 Sic
176 899 275 964 etiam
297 899 416 983 positis
438 899 601 964 formosus
625 921 732 963 amere
754 900 884 984 capillis

143 986 189 1051 Et
209 988 340 1072 placeat
363 987 432 1052 vati
454 987 544 1051 nulla
566 988 676 1071 puella
698 991 768 1052 tuo:

72 1075 268 1158 oPaulisper
291 1075 412 1139 domini
434 1075 546 1140 doctos
570 1098 691 1160 sepone
714 1076 857 1159 libellos,

144 1163 298 1229 Carmina
319 1161 446 1228 Victori
470 1163 546 1228 dum
569 1165 642 1248 lego
666 1185 767 1248 parva
789 1169 856 1229 tuo.

98 1252 145 1317 Et
167 1251 361 1335 Maecenati,
383 1251 475 1316 Maro
499 1274 572 1317 oum
596 1255 743 1316 cantaret
765 1252 898 1335 Alexin,

143 1338 232 1405 Nota
253 1343 362 1404 tamen
386 1339 488 1404 Marsi
510 1340 602 1404 fusca
624 1340 779 1406 Melaenis
803 1344 882 1405 erat.

507 1480 599 1545 XXX

100 1587 167 1653 Das
190 1586 333 1671 Parthis,
356 1588 413 1652 das
437 1586 622 1671 Germanis,
647 1586 718 1670 das,
741 1585 866 1671 Caelia,
889 1586 1001 1670 Dacia,

143 1676 213 1742 Nec
236 1675 373 1742 Cilicum
397 1677 523 1760 spernis
546 1675 839 1760 Cappadocumque
862 1679 965 1760 toros,

98 1764 144 1829 Et
166 1764 228 1829 tibi
251 1764 290 1828 de
311 1764 432 1829 Pharia
454 1763 683 1848 Memphiticus
707 1764 786 1827 urbe
808 1763 934 1828 fututor

143 1851 299 1937 Navigat,
322 1875 341 1916 a
363 1851 470 1916 rubris
494 1856 526 1917 et
548 1853 641 1938 niger
662 1850 762 1916 Indus
786 1852 893 1936 aquis3

73 1941 168 2006 oNec
190 1941 402 2006 recutitorum
424 1940 510 2024 fugis
533 1940 669 2026 inguina
691 1939 897 2023 Iudaeorum,

143 2028 269 2094 Necte
292 2026 473 2093 Sarmatico
496 2029 617 2093 transit
639 2027 767 2092 Alanus
790 2050 881 2113 equo.

101 2118 172 2194 Qua
193 2117 319 2182 ratione
341 2116 436 2199 facis,
459 2139 531 2182 eum
554 2118 599 2181 sis
621 2114 770 2180 Romana
792 2117 914 2201 puella,

143 2205 233 2281 Quod
256 2205 404 2270 Romana
425 2204 487 2269 tibi
509 2206 653 2269 mentula
674 2205 766 2268 nulla
787 2205 915 2288 placet?

500 2363 617 2428 XXXI.

98 2470 227 2535 Raucae
250 2469 371 2534 chortis
394 2489 470 2534 aves
493 2473 526 2534 et
548 2489 611 2534 ova
633 2470 773 2532 matrum

98 2559 144 2624 Et
166 2559 266 2622 flavas
290 2557 396 2622 medio
414 2578 539 2641 -vapore
562 2554 661 2622 Ohias

98 2647 144 2712 nt
164 2645 267 2710 fetum
290 2647 441 2730 querulae
463 2645 577 2710 rudem
600 2644 742 2727 capellae

98 2734 167 2799 Nec
190 2735 255 2798 iam
277 2733 454 2820 frigoribus
477 2755 571 2818 pares
595 2732 697 2798 olivas

73 2823 145 2889 ant
168 2844 283 2887 canum
306 2821 423 2908 gelidis
445 2822 541 2887 holus
564 2821 689 2907 pruinis

97 2911 147 2976 De
168 2915 281 2976 nostro
306 2911 368 2976 tibi
389 2911 490 2976 missa
512 2933 587 2975 rure
610 2910 736 2975 credis?

99 2998 126 3065 0
151 3021 260 3083 quam,
284 2998 422 3085 Regula,
445 2999 619 3084 diligenter
642 3000 744 3063 errasl

98 3088 156 3153 Nil
178 3088 296 3171 nostri,
318 3088 383 3151 nisi
405 3109 470 3172 me,
492 3088 602 3152 ferunt
625 3087 733 3173 agelli.

101 3176 262 3261 Quidquid
284 3176 399 3241 vilicus
422 3175 545 3241 Umber
568 3178 625 3240 aut
648 3176 782 3240 colonus

56 3282 88 3330 10
98 3265 167 3330 Aut
188 3286 244 3329 rus
267 3285 427 3329 marmore
450 3264 549 3329 tertio
571 3267 721 3328 notatum

99 3353 167 3418 Aut
189 3352 285 3418 Tusci
307 3353 368 3416 tibi
392 3351 563 3417 Tusculive
587 3353 735 3434 mittunt,

97 3442 135 3506 Id
158 3446 229 3506 tota
252 3441 333 3505 mihi
355 3440 501 3505 nascItur
524 3438 659 3505 Subura.

488 3598 622 3664 XXXII.

97 3706 219 3791 Attice,
241 3705 399 3771 facundae
422 3726 558 3771 renovas
582 3705 638 3790 qui
660 3704 794 3770 nomina
816 3703 925 3790 gentis

140 3793 210 3860 Nec
232 3795 311 3860 sinis
332 3794 501 3884 ingentem
523 3793 723 3863 conticuisse
745 3793 902 3872 domum,
