2408 4132
396 819 442 963 u
471 887 867 962 vinulentus
1036 964 1040 983 ,

325 1043 930 1144 EPIGRAMMATON

532 1217 666 1284 LIBER
687 1219 730 1285 H.

292 1377 434 1444 Valerius
460 1377 625 1443 Martialis
652 1377 791 1444 Deciano
818 1377 882 1444 Suo
908 1377 975 1444 Sal.

194 1536 298 1621 „Quid
319 1535 432 1602 nobis“
454 1536 561 1621 inquis
583 1558 673 1620 „cum
699 1537 860 1622 epistola?
888 1558 1044 1621 parumne
1072 1537 1139 1604 tibi

39 1631 43 1637 '
128 1629 346 1710 praestem,
368 1625 397 1690 si
419 1625 558 1710 legimus
582 1625 840 1709 epigrammata?
863 1626 940 1710 quid
961 1625 1015 1691 hic
1037 1647 1138 1708 porro

130 1715 274 1779 dicturus
298 1735 347 1796 ee,
370 1714 455 1798 quod
478 1735 545 1777 non
566 1713 674 1797 possis
696 1713 844 1778 versibus
869 1714 994 1779 dicere?
1030 1712 1138 1780 Video

130 1825 229 1887 quare
243 1801 413 1888 tragoedia
423 1804 520 1886 atque
531 1800 697 1866 comoedia
707 1801 880 1885 epistolam
889 1801 1058 1886 accipiant,
1069 1803 1139 1886 qui-

104 1893 191 1956 ebus
213 1913 273 1974 pro
298 1912 331 1953 se
354 1891 445 1972 loqui
466 1911 533 1954 non
551 1889 640 1953 licet:
664 1889 901 1975 epigrammata
921 1891 1052 1956 curione
1069 1912 1140 1956 non

130 1984 228 2066 egent
243 1982 276 2043 et
290 1981 442 2043 contenta
456 1980 532 2041 sunt
546 1999 605 2042 sua
619 1976 745 2064 lingua:
764 1979 798 2043 in
812 2001 1000 2064 quacunque
1014 1981 1139 2065 pagina

129 2068 234 2132 visum
254 2070 312 2148 est,
327 2066 500 2150 epistolam
518 2065 650 2132 faciunt.
673 2065 752 2131 Noli
770 2089 859 2154 ergo,
873 2069 901 2133 si
918 2067 981 2131 tibi
999 2066 1139 2150 videtur,

129 2178 197 2220 rem
210 2155 317 2220 iacere
330 2154 499 2218 ridiculam
518 2157 551 2218 et
568 2153 603 2217 in
616 2158 696 2241 toga
711 2156 883 2221 saltantem
901 2155 1051 2220 inducere
1065 2177 1138 2240 per·

130 2267 252 2310 sonam.
275 2243 423 2327 Denique
437 2242 563 2326 videris,
579 2265 620 2307 an
634 2247 666 2308 te
681 2244 818 2309 delectet
836 2248 949 2309 contra
968 2244 1139 2308 retiarium

88 2348 119 2396 10
129 2333 242 2397 ferula.
274 2330 347 2417 Ego
367 2331 546 2395 interillos
566 2332 661 2396 sedeo
681 2332 736 2416 qui
759 2333 908 2417 protinus
931 2332 1140 2397 reclamant.“

129 2421 213 2485 Puto
231 2442 283 2484 me
300 2420 458 2500 hercules,
471 2417 621 2502 Deciane,
634 2441 747 2484 verum
766 2419 854 2484 dicis.
886 2419 979 2498 Quid,
998 2420 1026 2485 si
1044 2419 1139 2505 scias,

129 2531 203 2574 cum
214 2531 277 2592 qua
292 2511 324 2571 et
338 2530 435 2590 quam
449 2508 551 2593 longa
565 2507 704 2591 epistola
718 2508 886 2594 negotium
899 2508 1000 2573 fueris
1009 2508 1139 2573 habitu·

129 2598 208 2662 rus?
244 2595 359 2679 Itaque
379 2595 464 2678 quod
483 2595 585 2680 exigis
604 2595 671 2658 fiat.
707 2594 882 2661 Debebunt
899 2596 961 2661 tibi
979 2596 1008 2661 si
1026 2596 1082 2680 qui
1103 2596 1139 2661 in

129 2686 215 2749 hunc
233 2685 354 2748 librum
373 2681 554 2765 inciderint,
573 2683 658 2766 quod
678 2684 719 2748 ad
741 2684 881 2768 primam
898 2684 1140 2771 paginamnon

87 2788 120 2838 16
130 2773 209 2839 lassi
231 2771 429 2856 pervenient.

620 2876 683 2942 Ι.,

72 3051 75 3057 ,
174 2984 395 3057 Tercentena
418 2983 547 3067 quidem
570 2987 701 3067 poteras
726 2983 960 3070 epigrammata
981 2984 1080 3068 ferre,

69 3076 109 3149 ῃ,
221 3071 284 3138 Sed
307 3071 379 3157 quis
401 3075 435 3136 te
457 3071 558 3135 ferret
579 3072 836 3157 perlegeretque,
859 3073 963 3137 liber?

64 3168 72 3219 l
175 3160 222 3225 At
243 3182 327 3225 nunc
351 3160 503 3225 succincti
528 3182 609 3243 quae
633 3160 699 3225 sint
721 3161 807 3225 bona
829 3161 914 3226 disce
935 3160 1049 3225 libelli.

153 3242 156 3252 '
219 3248 291 3313 Hoc
314 3248 454 3333 primum
473 3251 536 3331 est,
558 3248 689 3314 brevior
708 3249 793 3332 quod
810 3248 891 3319 mihi
909 3249 1023 3314 charta.
1040 3248 1140 3334 perit3

104 3353 121 3405 t
176 3337 312 3421 Deinde,
336 3337 420 3421 quod
442 3336 522 3401 haec
544 3359 610 3402 una
631 3341 766 3422 peraget
784 3337 936 3402 librarius
959 3337 1054 3417 hora,
1147 3404 1149 3408 ,

220 3425 290 3491 Nec
312 3428 441 3489 tantum
464 3424 560 3509 nugis
584 3425 702 3490 serviet
725 3425 781 3489 ille
804 3425 898 3510 meis3

175 3514 287 3579 Tertia
309 3535 361 3577 res
383 3513 464 3578 haec
487 3516 549 3591 est,
573 3513 659 3598 quod
682 3515 710 3578 si
733 3514 784 3578 cui
806 3514 891 3584 forte
913 3514 1046 3599 legeris,

221 3601 271 3668 Sis
295 3601 373 3666 licet
395 3623 497 3686 usque
521 3602 641 3685 malus,
666 3623 731 3665 non
754 3602 884 3667 odiosus
907 3603 979 3667 eris.

98 3684 101 3688 ’
175 3690 221 3755 Te
245 3690 381 3756 conviva
403 3691 492 3775 leget
515 3690 617 3754 mixto
641 3691 831 3781 quincunce,
854 3691 910 3755 sed
933 3695 1007 3755 ante

76 3797 116 3839 ιο
194 3778 361 3862 incipiat
377 3780 509 3864 positus
533 3801 631 3865 quam
653 3779 797 3864 tepuisse
819 3779 911 3844 calix.
