<?xml version="1.0" encoding="UTF-8"?>
<!DOCTYPE html PUBLIC "-//W3C//DTD XHTML 1.0 Transitional//EN"
    "http://www.w3.org/TR/xhtml1/DTD/xhtml1-transitional.dtd">
<html xmlns="http://www.w3.org/1999/xhtml" xml:lang="en" lang="en">
 <head>
  <title>
</title>
<meta http-equiv="Content-Type" content="text/html;charset=utf-8" />
  <meta name='ocr-system' content='tesseract 3.04.00' />
  <meta name='ocr-capabilities' content='ocr_page ocr_carea ocr_par ocr_line ocrx_word'/>
</head>
<body>
  <div class='ocr_page' id='page_1' title='image "./mvaleriimartial00gilbgoog/mvaleriimartial00gilbgoog_0416.png"; bbox 0 0 2408 4132; ppageno 0'>
   <div class='ocr_carea' id='block_1_1' title="bbox 388 449 1105 517">
    <p class='ocr_par' dir='ltr' id='par_1_1' title="bbox 388 449 1105 517">
     <span class='ocr_line' id='line_1_1' title="bbox 388 449 1105 517; baseline 0.018 -13"><span class='ocrx_word' id='word_1_1' title='bbox 388 449 505 504; x_wconf 84' lang='lat' dir='ltr'>INDEX</span> <span class='ocrx_word' id='word_1_2' title='bbox 524 450 823 506; x_wconf 84' lang='lat' dir='ltr'>EPIGRAMMATON.</span> <span class='ocrx_word' id='word_1_3' title='bbox 1041 452 1105 517; x_wconf 86' lang='grc'>369</span> 
     </span>
    </p>
   </div>
   <div class='ocr_carea' id='block_1_2' title="bbox 94 605 1104 3638">
    <p class='ocr_par' dir='ltr' id='par_1_2' title="bbox 94 605 1104 3638">
     <span class='ocr_line' id='line_1_2' title="bbox 101 605 1104 680; baseline 0.008 -23"><span class='ocrx_word' id='word_1_4' title='bbox 101 605 178 670; x_wconf 88' lang='lat' dir='ltr'>Quae</span> <span class='ocrx_word' id='word_1_5' title='bbox 197 605 253 659; x_wconf 90' lang='lat' dir='ltr'>tibi</span> <span class='ocrx_word' id='word_1_6' title='bbox 270 624 327 661; x_wconf 93' lang='lat' dir='ltr'>non</span> <span class='ocrx_word' id='word_1_7' title='bbox 345 609 441 663; x_wconf 90' lang='lat' dir='ltr'>stabat</span> <span class='ocrx_word' id='word_1_8' title='bbox 458 609 586 678; x_wconf 88' lang='lat' dir='ltr'>praecisa</span> <span class='ocrx_word' id='word_1_9' title='bbox 605 612 648 662; x_wconf 91' lang='lat' dir='ltr'>est</span> <span class='ocrx_word' id='word_1_10' title='bbox 665 611 798 678; x_wconf 90' lang='lat' dir='ltr'>mentula,</span> <span class='ocrx_word' id='word_1_11' title='bbox 819 610 932 680; x_wconf 84' lang='lat' dir='ltr'>Glypte.</span> <span class='ocrx_word' id='word_1_12' title='bbox 1009 612 1042 678; x_wconf 88' lang='grc' dir='ltr'>ΙΙ,</span> <span class='ocrx_word' id='word_1_13' title='bbox 1062 617 1104 665; x_wconf 81' lang='lat'>45.</span> 
     </span>
     <span class='ocr_line' id='line_1_3' title="bbox 102 676 1103 749; baseline 0.007 -21"><span class='ocrx_word' id='word_1_14' title='bbox 102 676 289 745; x_wconf 77' lang='lat' dir='ltr'>Quaecunque</span> <span class='ocrx_word' id='word_1_15' title='bbox 306 678 363 732; x_wconf 91' lang='lat' dir='ltr'>lusi</span> <span class='ocrx_word' id='word_1_16' title='bbox 380 679 489 733; x_wconf 88' lang='lat' dir='ltr'>iuvenis</span> <span class='ocrx_word' id='word_1_17' title='bbox 509 681 538 732; x_wconf 88' lang='lat' dir='ltr'>et</span> <span class='ocrx_word' id='word_1_18' title='bbox 554 696 624 749; x_wconf 91' lang='lat' dir='ltr'>puer</span> <span class='ocrx_word' id='word_1_19' title='bbox 642 682 783 747; x_wconf 89' lang='lat' dir='ltr'>quondam</span> <span class='ocrx_word' id='word_1_20' title='bbox 821 726 826 736; x_wconf 96' lang='lat'>.</span> <span class='ocrx_word' id='word_1_21' title='bbox 856 725 861 736; x_wconf 94' lang='lat'>.</span> <span class='ocrx_word' id='word_1_22' title='bbox 891 725 897 736; x_wconf 88' lang='lat'>.</span> <span class='ocrx_word' id='word_1_23' title='bbox 926 725 932 736; x_wconf 93' lang='lat'>.</span> <span class='ocrx_word' id='word_1_24' title='bbox 1004 682 1025 749; x_wconf 93' lang='lat' dir='ltr'>I,</span> <span class='ocrx_word' id='word_1_25' title='bbox 1045 688 1103 735; x_wconf 89' lang='lat'>113.</span> 
     </span>
     <span class='ocr_line' id='line_1_4' title="bbox 102 745 1103 820; baseline 0.007 -22"><span class='ocrx_word' id='word_1_26' title='bbox 102 745 247 810; x_wconf 79' lang='lat' dir='ltr'>Quaedam</span> <span class='ocrx_word' id='word_1_27' title='bbox 265 765 310 802; x_wconf 91' lang='lat' dir='ltr'>me</span> <span class='ocrx_word' id='word_1_28' title='bbox 328 749 414 818; x_wconf 89' lang='lat' dir='ltr'>cupit,</span> <span class='ocrx_word' id='word_1_29' title='bbox 433 749 528 803; x_wconf 91' lang='lat' dir='ltr'>invide</span> <span class='ocrx_word' id='word_1_30' title='bbox 547 749 665 804; x_wconf 78' lang='lat' dir='ltr'>Procilla</span> <span class='ocrx_word' id='word_1_31' title='bbox 681 794 933 808; x_wconf 82' lang='grc'><strong><em>........</em></strong></span> <span class='ocrx_word' id='word_1_32' title='bbox 1004 753 1025 820; x_wconf 88' lang='grc' dir='ltr'>Ι,</span> <span class='ocrx_word' id='word_1_33' title='bbox 1046 759 1103 806; x_wconf 85' lang='lat'>115.</span> 
     </span>
     <span class='ocr_line' id='line_1_5' title="bbox 101 816 1102 890; baseline 0.006 -21"><span class='ocrx_word' id='word_1_34' title='bbox 101 816 227 885; x_wconf 81' lang='lat' dir='ltr'>Quaeris,</span> <span class='ocrx_word' id='word_1_35' title='bbox 246 835 294 872; x_wconf 92' lang='lat' dir='ltr'>cur</span> <span class='ocrx_word' id='word_1_36' title='bbox 311 820 398 873; x_wconf 92' lang='lat' dir='ltr'>nolim</span> <span class='ocrx_word' id='word_1_37' title='bbox 416 822 445 874; x_wconf 90' lang='lat' dir='ltr'>te</span> <span class='ocrx_word' id='word_1_38' title='bbox 465 821 573 886; x_wconf 91' lang='lat' dir='ltr'>ducere,</span> <span class='ocrx_word' id='word_1_39' title='bbox 594 819 691 874; x_wconf 82' lang='lat' dir='ltr'>Galla?</span> <span class='ocrx_word' id='word_1_40' title='bbox 709 821 821 875; x_wconf 89' lang='lat' dir='ltr'>Diserta</span> <span class='ocrx_word' id='word_1_41' title='bbox 839 838 895 878; x_wconf 93' lang='lat' dir='ltr'>es.</span> <span class='ocrx_word' id='word_1_42' title='bbox 926 866 931 877; x_wconf 92' lang='lat'>.</span> <span class='ocrx_word' id='word_1_43' title='bbox 994 823 1041 890; x_wconf 91' lang='lat' dir='ltr'>XI,</span> <span class='ocrx_word' id='word_1_44' title='bbox 1063 830 1102 877; x_wconf 84' lang='lat'>19.</span> 
     </span>
     <span class='ocr_line' id='line_1_6' title="bbox 101 886 1103 960; baseline 0.007 -21"><span class='ocrx_word' id='word_1_45' title='bbox 101 886 210 951; x_wconf 87' lang='lat' dir='ltr'>Quaero</span> <span class='ocrx_word' id='word_1_46' title='bbox 230 889 278 942; x_wconf 89' lang='lat' dir='ltr'>diu</span> <span class='ocrx_word' id='word_1_47' title='bbox 296 892 394 957; x_wconf 88' lang='lat' dir='ltr'>totam,</span> <span class='ocrx_word' id='word_1_48' title='bbox 414 890 525 944; x_wconf 80' lang='lat' dir='ltr'>Safroni</span> <span class='ocrx_word' id='word_1_49' title='bbox 542 890 622 958; x_wconf 82' lang='lat' dir='ltr'>Rufe,</span> <span class='ocrx_word' id='word_1_50' title='bbox 640 909 690 960; x_wconf 86' lang='lat' dir='ltr'>per</span> <span class='ocrx_word' id='word_1_51' title='bbox 707 892 824 946; x_wconf 89' lang='lat' dir='ltr'>urbem.</span> <span class='ocrx_word' id='word_1_52' title='bbox 852 933 858 944; x_wconf 93' lang='lat'>.</span> <span class='ocrx_word' id='word_1_53' title='bbox 889 936 895 947; x_wconf 87' lang='lat'>.</span> <span class='ocrx_word' id='word_1_54' title='bbox 923 936 929 948; x_wconf 87' lang='lat'>.</span> <span class='ocrx_word' id='word_1_55' title='bbox 994 893 1042 960; x_wconf 91' lang='lat' dir='ltr'>IV,</span> <span class='ocrx_word' id='word_1_56' title='bbox 1062 900 1103 946; x_wconf 76' lang='lat'>71.</span> 
     </span>
     <span class='ocr_line' id='line_1_7' title="bbox 101 958 1103 1031; baseline 0.007 -21"><span class='ocrx_word' id='word_1_57' title='bbox 101 958 227 1026; x_wconf 87' lang='lat' dir='ltr'>Qualem,</span> <span class='ocrx_word' id='word_1_58' title='bbox 245 960 353 1027; x_wconf 85' lang='lat' dir='ltr'>Flacco,</span> <span class='ocrx_word' id='word_1_59' title='bbox 372 960 457 1015; x_wconf 89' lang='lat' dir='ltr'>velim</span> <span class='ocrx_word' id='word_1_60' title='bbox 475 961 586 1029; x_wconf 88' lang='lat' dir='ltr'>quaeris</span> <span class='ocrx_word' id='word_1_61' title='bbox 604 962 725 1016; x_wconf 87' lang='lat' dir='ltr'>nolimve</span> <span class='ocrx_word' id='word_1_62' title='bbox 743 963 896 1031; x_wconf 73' lang='lat' dir='ltr'>puellaml.</span> <span class='ocrx_word' id='word_1_63' title='bbox 925 1007 931 1019; x_wconf 93' lang='lat'>.</span> <span class='ocrx_word' id='word_1_64' title='bbox 1020 964 1041 1029; x_wconf 93' lang='lat' dir='ltr'>l,</span> <span class='ocrx_word' id='word_1_65' title='bbox 1061 969 1103 1018; x_wconf 79' lang='lat'>57.</span> 
     </span>
     <span class='ocr_line' id='line_1_8' title="bbox 101 1028 1102 1100; baseline 0.004 -19"><span class='ocrx_word' id='word_1_66' title='bbox 101 1028 228 1094; x_wconf 77' lang='lat' dir='ltr'>Qualiter</span> <span class='ocrx_word' id='word_1_67' title='bbox 246 1031 374 1099; x_wconf 83' lang='lat' dir='ltr'>Assyrios</span> <span class='ocrx_word' id='word_1_68' title='bbox 392 1033 529 1086; x_wconf 86' lang='lat' dir='ltr'>renovant</span> <span class='ocrx_word' id='word_1_69' title='bbox 546 1031 677 1086; x_wconf 90' lang='lat' dir='ltr'>incendia</span> <span class='ocrx_word' id='word_1_70' title='bbox 694 1032 775 1086; x_wconf 83' lang='lat' dir='ltr'>nidos</span> <span class='ocrx_word' id='word_1_71' title='bbox 786 1076 932 1089; x_wconf 92' lang='grc'><strong><em>.....</em></strong></span> <span class='ocrx_word' id='word_1_72' title='bbox 1025 1034 1059 1100; x_wconf 90' lang='lat' dir='ltr'>V,</span> <span class='ocrx_word' id='word_1_73' title='bbox 1079 1041 1102 1088; x_wconf 81' lang='lat'>7.</span> 
     </span>
     <span class='ocr_line' id='line_1_9' title="bbox 101 1099 1102 1175; baseline 0.005 -23"><span class='ocrx_word' id='word_1_74' title='bbox 101 1099 228 1164; x_wconf 80' lang='lat' dir='ltr'>Qualiter</span> <span class='ocrx_word' id='word_1_75' title='bbox 245 1100 275 1153; x_wconf 92' lang='lat' dir='ltr'>in</span> <span class='ocrx_word' id='word_1_76' title='bbox 294 1101 425 1170; x_wconf 84' lang='lat' dir='ltr'>Scythica</span> <span class='ocrx_word' id='word_1_77' title='bbox 442 1102 577 1171; x_wconf 88' lang='lat' dir='ltr'>religatus</span> <span class='ocrx_word' id='word_1_78' title='bbox 596 1120 664 1172; x_wconf 92' lang='lat' dir='ltr'>rupe</span> <span class='ocrx_word' id='word_1_79' title='bbox 683 1103 863 1157; x_wconf 83' lang='lat' dir='ltr'>Prometheus</span> <span class='ocrx_word' id='word_1_80' title='bbox 888 1148 893 1157; x_wconf 95' lang='lat'>.</span> <span class='ocrx_word' id='word_1_81' title='bbox 923 1149 928 1159; x_wconf 95' lang='lat'>.</span> <span class='ocrx_word' id='word_1_82' title='bbox 1003 1106 1058 1175; x_wconf 80' lang='lat' dir='ltr'>Ep.</span> <span class='ocrx_word' id='word_1_83' title='bbox 1079 1111 1102 1158; x_wconf 81' lang='lat'>7.</span> 
     </span>
     <span class='ocr_line' id='line_1_10' title="bbox 101 1169 1102 1242; baseline 0.004 -20"><span class='ocrx_word' id='word_1_84' title='bbox 101 1169 192 1233; x_wconf 90' lang='lat' dir='ltr'>Quam</span> <span class='ocrx_word' id='word_1_85' title='bbox 209 1170 302 1224; x_wconf 90' lang='lat' dir='ltr'>brevis</span> <span class='ocrx_word' id='word_1_86' title='bbox 321 1172 479 1226; x_wconf 91' lang='lat' dir='ltr'>inmensum</span> <span class='ocrx_word' id='word_1_87' title='bbox 497 1172 572 1241; x_wconf 90' lang='lat' dir='ltr'>cepit</span> <span class='ocrx_word' id='word_1_88' title='bbox 589 1174 752 1228; x_wconf 90' lang='lat' dir='ltr'>membrana</span> <span class='ocrx_word' id='word_1_89' title='bbox 769 1174 927 1228; x_wconf 82' lang='lat' dir='ltr'>Maronem?</span> <span class='ocrx_word' id='word_1_90' title='bbox 955 1175 1027 1242; x_wconf 88' lang='lat' dir='ltr'>XIV,</span> <span class='ocrx_word' id='word_1_91' title='bbox 1044 1180 1102 1229; x_wconf 83' lang='lat'>180.</span> 
     </span>
     <span class='ocr_line' id='line_1_11' title="bbox 101 1241 1101 1313; baseline 0.004 -20"><span class='ocrx_word' id='word_1_92' title='bbox 101 1241 192 1306; x_wconf 89' lang='lat' dir='ltr'>Quam</span> <span class='ocrx_word' id='word_1_93' title='bbox 210 1241 281 1295; x_wconf 91' lang='lat' dir='ltr'>mihi</span> <span class='ocrx_word' id='word_1_94' title='bbox 298 1242 432 1296; x_wconf 87' lang='lat' dir='ltr'>mittebas</span> <span class='ocrx_word' id='word_1_95' title='bbox 451 1243 565 1296; x_wconf 86' lang='lat' dir='ltr'>Saturni</span> <span class='ocrx_word' id='word_1_96' title='bbox 582 1245 707 1312; x_wconf 85' lang='lat' dir='ltr'>ternpore</span> <span class='ocrx_word' id='word_1_97' title='bbox 725 1244 858 1300; x_wconf 89' lang='lat' dir='ltr'>lancem.</span> <span class='ocrx_word' id='word_1_98' title='bbox 887 1288 893 1300; x_wconf 93' lang='lat'>.</span> <span class='ocrx_word' id='word_1_99' title='bbox 922 1288 929 1301; x_wconf 89' lang='lat'>.</span> <span class='ocrx_word' id='word_1_100' title='bbox 1007 1245 1041 1313; x_wconf 88' lang='lat' dir='ltr'>X,</span> <span class='ocrx_word' id='word_1_101' title='bbox 1060 1251 1101 1300; x_wconf 81' lang='lat'>29.</span> 
     </span>
     <span class='ocr_line' id='line_1_12' title="bbox 101 1309 1102 1383; baseline 0.004 -20"><span class='ocrx_word' id='word_1_102' title='bbox 101 1309 192 1374; x_wconf 90' lang='lat' dir='ltr'>Quam</span> <span class='ocrx_word' id='word_1_103' title='bbox 210 1311 248 1364; x_wconf 85' lang='lat' dir='ltr'>sit</span> <span class='ocrx_word' id='word_1_104' title='bbox 265 1313 344 1367; x_wconf 91' lang='lat' dir='ltr'>lusca</span> <span class='ocrx_word' id='word_1_105' title='bbox 361 1313 504 1368; x_wconf 87' lang='lat' dir='ltr'>Philaenis</span> <span class='ocrx_word' id='word_1_106' title='bbox 521 1313 683 1368; x_wconf 84' lang='lat' dir='ltr'>indecenter</span> <span class='ocrx_word' id='word_1_107' title='bbox 713 1358 929 1372; x_wconf 85' lang='grc'><strong><em>.......</em></strong></span> <span class='ocrx_word' id='word_1_108' title='bbox 980 1315 1040 1383; x_wconf 92' lang='lat' dir='ltr'>XII,</span> <span class='ocrx_word' id='word_1_109' title='bbox 1059 1323 1102 1369; x_wconf 76' lang='lat'>22.</span> 
     </span>
     <span class='ocr_line' id='line_1_13' title="bbox 99 1381 1100 1453; baseline 0.005 -20"><span class='ocrx_word' id='word_1_110' title='bbox 99 1381 233 1446; x_wconf 82' lang='lat' dir='ltr'>Quamvis</span> <span class='ocrx_word' id='word_1_111' title='bbox 253 1381 375 1437; x_wconf 80' lang='lat' dir='ltr'>Callaico</span> <span class='ocrx_word' id='word_1_112' title='bbox 393 1385 509 1438; x_wconf 84' lang='lat' dir='ltr'>rubeam</span> <span class='ocrx_word' id='word_1_113' title='bbox 528 1401 663 1452; x_wconf 89' lang='lat' dir='ltr'>generosa</span> <span class='ocrx_word' id='word_1_114' title='bbox 680 1385 795 1439; x_wconf 89' lang='lat' dir='ltr'>metallo</span> <span class='ocrx_word' id='word_1_115' title='bbox 820 1429 824 1438; x_wconf 95' lang='lat'>.</span> <span class='ocrx_word' id='word_1_116' title='bbox 853 1428 860 1442; x_wconf 91' lang='lat'>.</span> <span class='ocrx_word' id='word_1_117' title='bbox 889 1430 895 1442; x_wconf 93' lang='lat'>.</span> <span class='ocrx_word' id='word_1_118' title='bbox 924 1430 929 1440; x_wconf 95' lang='lat'>.</span> <span class='ocrx_word' id='word_1_119' title='bbox 967 1387 1040 1453; x_wconf 89' lang='lat' dir='ltr'>XIV,</span> <span class='ocrx_word' id='word_1_120' title='bbox 1060 1393 1100 1439; x_wconf 77' lang='lat'>95.</span> 
     </span>
     <span class='ocr_line' id='line_1_14' title="bbox 99 1451 1101 1525; baseline 0.006 -21"><span class='ocrx_word' id='word_1_121' title='bbox 99 1451 233 1516; x_wconf 86' lang='lat' dir='ltr'>Quamvis</span> <span class='ocrx_word' id='word_1_122' title='bbox 252 1453 312 1507; x_wconf 88' lang='lat' dir='ltr'>lata</span> <span class='ocrx_word' id='word_1_123' title='bbox 330 1456 411 1522; x_wconf 86' lang='lat' dir='ltr'>gerat</span> <span class='ocrx_word' id='word_1_124' title='bbox 427 1455 535 1524; x_wconf 87' lang='lat' dir='ltr'>patella</span> <span class='ocrx_word' id='word_1_125' title='bbox 552 1455 699 1508; x_wconf 88' lang='lat' dir='ltr'>rhombum</span> <span class='ocrx_word' id='word_1_126' title='bbox 713 1499 930 1510; x_wconf 90' lang='grc'>.......</span> <span class='ocrx_word' id='word_1_127' title='bbox 965 1457 1040 1525; x_wconf 86' lang='lat' dir='ltr'>XIII,</span> <span class='ocrx_word' id='word_1_128' title='bbox 1060 1463 1101 1510; x_wconf 88' lang='lat'>81.</span> 
     </span>
     <span class='ocr_line' id='line_1_15' title="bbox 94 1522 1100 1595; baseline 0.005 -21"><span class='ocrx_word' id='word_1_129' title='bbox 94 1522 234 1587; x_wconf 82' lang='lat' dir='ltr'>Quamvis</span> <span class='ocrx_word' id='word_1_130' title='bbox 252 1541 296 1577; x_wconf 91' lang='lat' dir='ltr'>me</span> <span class='ocrx_word' id='word_1_131' title='bbox 314 1524 432 1593; x_wconf 87' lang='lat' dir='ltr'>ligulam</span> <span class='ocrx_word' id='word_1_132' title='bbox 451 1524 546 1578; x_wconf 88' lang='lat' dir='ltr'>dicant</span> <span class='ocrx_word' id='word_1_133' title='bbox 564 1525 727 1593; x_wconf 76' lang='lat' dir='ltr'>equItesque</span> <span class='ocrx_word' id='word_1_134' title='bbox 744 1529 894 1594; x_wconf 89' lang='lat' dir='ltr'>patresque</span> <span class='ocrx_word' id='word_1_135' title='bbox 924 1570 930 1582; x_wconf 91' lang='lat'>.</span> <span class='ocrx_word' id='word_1_136' title='bbox 953 1527 1027 1595; x_wconf 89' lang='lat' dir='ltr'>XIV,</span> <span class='ocrx_word' id='word_1_137' title='bbox 1043 1535 1100 1582; x_wconf 78' lang='lat'>120.</span> 
     </span>
     <span class='ocr_line' id='line_1_16' title="bbox 99 1591 1100 1665; baseline 0.005 -20"><span class='ocrx_word' id='word_1_138' title='bbox 99 1591 233 1655; x_wconf 86' lang='lat' dir='ltr'>Quamvis</span> <span class='ocrx_word' id='word_1_139' title='bbox 252 1597 311 1647; x_wconf 91' lang='lat' dir='ltr'>tam</span> <span class='ocrx_word' id='word_1_140' title='bbox 330 1595 413 1664; x_wconf 89' lang='lat' dir='ltr'>longo</span> <span class='ocrx_word' id='word_1_141' title='bbox 431 1595 522 1665; x_wconf 86' lang='lat' dir='ltr'>possis</span> <span class='ocrx_word' id='word_1_142' title='bbox 543 1598 620 1650; x_wconf 88' lang='lat' dir='ltr'>satur</span> <span class='ocrx_word' id='word_1_143' title='bbox 639 1613 698 1650; x_wconf 85' lang='lat' dir='ltr'>esse</span> <span class='ocrx_word' id='word_1_144' title='bbox 716 1595 813 1650; x_wconf 91' lang='lat' dir='ltr'>libello</span> <span class='ocrx_word' id='word_1_145' title='bbox 852 1640 858 1653; x_wconf 91' lang='lat'>.</span> <span class='ocrx_word' id='word_1_146' title='bbox 888 1641 894 1653; x_wconf 91' lang='lat'>.</span> <span class='ocrx_word' id='word_1_147' title='bbox 922 1641 928 1652; x_wconf 97' lang='lat'>.</span> <span class='ocrx_word' id='word_1_148' title='bbox 975 1598 1021 1663; x_wconf 90' lang='lat' dir='ltr'>XI,</span> <span class='ocrx_word' id='word_1_149' title='bbox 1043 1603 1100 1652; x_wconf 89' lang='lat'>108.</span> 
     </span>
     <span class='ocr_line' id='line_1_17' title="bbox 99 1663 1100 1736; baseline 0.003 -20"><span class='ocrx_word' id='word_1_150' title='bbox 99 1664 212 1727; x_wconf 90' lang='lat' dir='ltr'>Quanta</span> <span class='ocrx_word' id='word_1_151' title='bbox 231 1663 363 1733; x_wconf 83' lang='lat' dir='ltr'>Gigantei</span> <span class='ocrx_word' id='word_1_152' title='bbox 380 1668 550 1720; x_wconf 89' lang='lat' dir='ltr'>memoratur</span> <span class='ocrx_word' id='word_1_153' title='bbox 567 1683 665 1720; x_wconf 91' lang='lat' dir='ltr'>mensa</span> <span class='ocrx_word' id='word_1_154' title='bbox 683 1666 819 1736; x_wconf 88' lang='lat' dir='ltr'>triumphi</span> <span class='ocrx_word' id='word_1_155' title='bbox 852 1711 858 1722; x_wconf 92' lang='lat'>.</span> <span class='ocrx_word' id='word_1_156' title='bbox 887 1711 893 1722; x_wconf 95' lang='lat'>.</span> <span class='ocrx_word' id='word_1_157' title='bbox 922 1713 928 1724; x_wconf 87' lang='lat'>.</span> <span class='ocrx_word' id='word_1_158' title='bbox 965 1668 1039 1734; x_wconf 89' lang='lat' dir='ltr'>VIII,</span> <span class='ocrx_word' id='word_1_159' title='bbox 1058 1675 1100 1721; x_wconf 80' lang='lat'>50.</span> 
     </span>
     <span class='ocr_line' id='line_1_18' title="bbox 99 1734 1101 1805; baseline 0.005 -18"><span class='ocrx_word' id='word_1_160' title='bbox 99 1734 212 1799; x_wconf 88' lang='lat' dir='ltr'>Quanta</span> <span class='ocrx_word' id='word_1_161' title='bbox 229 1735 308 1803; x_wconf 89' lang='lat' dir='ltr'>quies</span> <span class='ocrx_word' id='word_1_162' title='bbox 326 1736 441 1805; x_wconf 88' lang='lat' dir='ltr'>placidi,</span> <span class='ocrx_word' id='word_1_163' title='bbox 459 1738 541 1790; x_wconf 86' lang='lat' dir='ltr'>tanta</span> <span class='ocrx_word' id='word_1_164' title='bbox 560 1739 603 1791; x_wconf 91' lang='lat' dir='ltr'>est</span> <span class='ocrx_word' id='word_1_165' title='bbox 620 1736 752 1791; x_wconf 84' lang='lat' dir='ltr'>facundia</span> <span class='ocrx_word' id='word_1_166' title='bbox 769 1739 895 1793; x_wconf 86' lang='lat' dir='ltr'>Nervae.</span> <span class='ocrx_word' id='word_1_167' title='bbox 924 1782 930 1793; x_wconf 92' lang='lat'>.</span> <span class='ocrx_word' id='word_1_168' title='bbox 966 1739 1039 1805; x_wconf 89' lang='lat' dir='ltr'>VIH,</span> <span class='ocrx_word' id='word_1_169' title='bbox 1059 1744 1101 1792; x_wconf 80' lang='lat'>70.</span> 
     </span>
     <span class='ocr_line' id='line_1_19' title="bbox 99 1805 1100 1876; baseline 0.006 -20"><span class='ocrx_word' id='word_1_170' title='bbox 99 1805 212 1870; x_wconf 88' lang='lat' dir='ltr'>Quanta</span> <span class='ocrx_word' id='word_1_171' title='bbox 229 1809 280 1860; x_wconf 88' lang='lat' dir='ltr'>tua</span> <span class='ocrx_word' id='word_1_172' title='bbox 298 1810 341 1860; x_wconf 88' lang='lat' dir='ltr'>est</span> <span class='ocrx_word' id='word_1_173' title='bbox 358 1807 493 1876; x_wconf 85' lang='lat' dir='ltr'>probitas,</span> <span class='ocrx_word' id='word_1_174' title='bbox 512 1809 594 1863; x_wconf 89' lang='lat' dir='ltr'>tanta</span> <span class='ocrx_word' id='word_1_175' title='bbox 611 1810 655 1862; x_wconf 91' lang='lat' dir='ltr'>est</span> <span class='ocrx_word' id='word_1_176' title='bbox 672 1808 794 1862; x_wconf 86' lang='lat' dir='ltr'>infantia</span> <span class='ocrx_word' id='word_1_177' title='bbox 811 1808 929 1865; x_wconf 89' lang='lat' dir='ltr'>formae.</span> <span class='ocrx_word' id='word_1_178' title='bbox 965 1810 1039 1876; x_wconf 90' lang='lat' dir='ltr'>VIII,</span> <span class='ocrx_word' id='word_1_179' title='bbox 1059 1816 1100 1863; x_wconf 83' lang='lat'>40.</span> 
     </span>
     <span class='ocr_line' id='line_1_20' title="bbox 99 1875 1100 1947; baseline 0.005 -19"><span class='ocrx_word' id='word_1_180' title='bbox 99 1875 241 1940; x_wconf 90' lang='lat' dir='ltr'>Quantum</span> <span class='ocrx_word' id='word_1_181' title='bbox 259 1877 317 1930; x_wconf 90' lang='lat' dir='ltr'>iam</span> <span class='ocrx_word' id='word_1_182' title='bbox 335 1878 451 1946; x_wconf 88' lang='lat' dir='ltr'>superis,</span> <span class='ocrx_word' id='word_1_183' title='bbox 471 1877 580 1945; x_wconf 90' lang='lat' dir='ltr'>Cacsar,</span> <span class='ocrx_word' id='word_1_184' title='bbox 599 1879 731 1947; x_wconf 89' lang='lat' dir='ltr'>caeloque</span> <span class='ocrx_word' id='word_1_185' title='bbox 750 1877 854 1933; x_wconf 89' lang='lat' dir='ltr'>dedisti</span> <span class='ocrx_word' id='word_1_186' title='bbox 886 1923 892 1934; x_wconf 95' lang='lat'>.</span> <span class='ocrx_word' id='word_1_187' title='bbox 921 1924 926 1935; x_wconf 95' lang='lat'>.</span> <span class='ocrx_word' id='word_1_188' title='bbox 1010 1880 1057 1947; x_wconf 92' lang='lat' dir='ltr'>IX,</span> <span class='ocrx_word' id='word_1_189' title='bbox 1077 1888 1100 1933; x_wconf 86' lang='lat'>3.</span> 
     </span>
     <span class='ocr_line' id='line_1_21' title="bbox 99 1947 1100 2018; baseline 0.006 -20"><span class='ocrx_word' id='word_1_190' title='bbox 99 1947 242 2010; x_wconf 87' lang='lat' dir='ltr'>Quantum</span> <span class='ocrx_word' id='word_1_191' title='bbox 260 1947 381 2001; x_wconf 89' lang='lat' dir='ltr'>sollicito</span> <span class='ocrx_word' id='word_1_192' title='bbox 400 1949 512 2002; x_wconf 90' lang='lat' dir='ltr'>fortuna</span> <span class='ocrx_word' id='word_1_193' title='bbox 529 1949 655 2018; x_wconf 88' lang='lat' dir='ltr'>parentis</span> <span class='ocrx_word' id='word_1_194' title='bbox 673 1949 791 2003; x_wconf 86' lang='lat' dir='ltr'>Etrusco</span> <span class='ocrx_word' id='word_1_195' title='bbox 817 1994 823 2005; x_wconf 93' lang='lat'>.</span> <span class='ocrx_word' id='word_1_196' title='bbox 852 1994 859 2006; x_wconf 86' lang='lat'>.</span> <span class='ocrx_word' id='word_1_197' title='bbox 888 1994 893 2006; x_wconf 94' lang='lat'>.</span> <span class='ocrx_word' id='word_1_198' title='bbox 922 1994 929 2007; x_wconf 89' lang='lat'>.</span> <span class='ocrx_word' id='word_1_199' title='bbox 991 1950 1040 2016; x_wconf 92' lang='lat' dir='ltr'>VI,</span> <span class='ocrx_word' id='word_1_200' title='bbox 1060 1957 1100 2004; x_wconf 86' lang='lat'>83.</span> 
     </span>
     <span class='ocr_line' id='line_1_22' title="bbox 99 2015 1100 2088; baseline 0.003 -19"><span class='ocrx_word' id='word_1_201' title='bbox 99 2015 235 2083; x_wconf 87' lang='lat' dir='ltr'>Quantus,</span> <span class='ocrx_word' id='word_1_202' title='bbox 254 2016 290 2084; x_wconf 87' lang='lat' dir='ltr'>io,</span> <span class='ocrx_word' id='word_1_203' title='bbox 309 2018 404 2072; x_wconf 90' lang='lat' dir='ltr'>Latias</span> <span class='ocrx_word' id='word_1_204' title='bbox 422 2019 520 2072; x_wconf 88' lang='lat' dir='ltr'>mundi</span> <span class='ocrx_word' id='word_1_205' title='bbox 538 2023 689 2073; x_wconf 84' lang='lat' dir='ltr'>conventus</span> <span class='ocrx_word' id='word_1_206' title='bbox 708 2020 745 2074; x_wconf 89' lang='lat' dir='ltr'>ad</span> <span class='ocrx_word' id='word_1_207' title='bbox 763 2037 825 2074; x_wconf 88' lang='lat' dir='ltr'>aras</span> <span class='ocrx_word' id='word_1_208' title='bbox 854 2064 859 2075; x_wconf 93' lang='lat'>.</span> <span class='ocrx_word' id='word_1_209' title='bbox 888 2064 894 2075; x_wconf 93' lang='lat'>.</span> <span class='ocrx_word' id='word_1_210' title='bbox 923 2066 928 2076; x_wconf 98' lang='lat'>.</span> <span class='ocrx_word' id='word_1_211' title='bbox 984 2021 1057 2088; x_wconf 92' lang='lat' dir='ltr'>VIII,</span> <span class='ocrx_word' id='word_1_212' title='bbox 1076 2028 1100 2073; x_wconf 87' lang='grc'>4.</span> 
     </span>
     <span class='ocr_line' id='line_1_23' title="bbox 98 2086 1100 2158; baseline 0.005 -19"><span class='ocrx_word' id='word_1_213' title='bbox 98 2086 191 2151; x_wconf 85' lang='lat' dir='ltr'>Quare</span> <span class='ocrx_word' id='word_1_214' title='bbox 209 2105 265 2141; x_wconf 92' lang='lat' dir='ltr'>non</span> <span class='ocrx_word' id='word_1_215' title='bbox 283 2088 395 2156; x_wconf 90' lang='lat' dir='ltr'>habeat,</span> <span class='ocrx_word' id='word_1_216' title='bbox 414 2090 538 2154; x_wconf 88' lang='lat' dir='ltr'>Fabulle,</span> <span class='ocrx_word' id='word_1_217' title='bbox 561 2090 670 2157; x_wconf 89' lang='lat' dir='ltr'>quaeris</span> <span class='ocrx_word' id='word_1_218' title='bbox 677 2133 930 2146; x_wconf 85' lang='grc'><strong>........</strong></span> <span class='ocrx_word' id='word_1_219' title='bbox 979 2092 1039 2158; x_wconf 90' lang='lat' dir='ltr'>XII,</span> <span class='ocrx_word' id='word_1_220' title='bbox 1059 2097 1100 2144; x_wconf 80' lang='lat'>20.</span> 
     </span>
     <span class='ocr_line' id='line_1_24' title="bbox 98 2158 1100 2227; baseline 0.004 -17"><span class='ocrx_word' id='word_1_221' title='bbox 98 2158 191 2223; x_wconf 87' lang='lat' dir='ltr'>Quare</span> <span class='ocrx_word' id='word_1_222' title='bbox 210 2161 269 2212; x_wconf 90' lang='lat' dir='ltr'>tam</span> <span class='ocrx_word' id='word_1_223' title='bbox 286 2159 383 2212; x_wconf 89' lang='lat' dir='ltr'>multis</span> <span class='ocrx_word' id='word_1_224' title='bbox 403 2176 420 2213; x_wconf 90' lang='lat' dir='ltr'>a</span> <span class='ocrx_word' id='word_1_225' title='bbox 438 2162 475 2226; x_wconf 89' lang='lat' dir='ltr'>te,</span> <span class='ocrx_word' id='word_1_226' title='bbox 493 2159 601 2227; x_wconf 90' lang='lat' dir='ltr'>Latine,</span> <span class='ocrx_word' id='word_1_227' title='bbox 620 2159 718 2213; x_wconf 91' lang='lat' dir='ltr'>diebus</span> <span class='ocrx_word' id='word_1_228' title='bbox 746 2202 752 2214; x_wconf 92' lang='lat'>.</span> <span class='ocrx_word' id='word_1_229' title='bbox 781 2203 787 2215; x_wconf 91' lang='lat'>.</span> <span class='ocrx_word' id='word_1_230' title='bbox 817 2204 823 2216; x_wconf 86' lang='lat'>.</span> <span class='ocrx_word' id='word_1_231' title='bbox 852 2204 857 2215; x_wconf 92' lang='lat'>.</span> <span class='ocrx_word' id='word_1_232' title='bbox 888 2204 893 2216; x_wconf 94' lang='lat'>.</span> <span class='ocrx_word' id='word_1_233' title='bbox 922 2206 928 2216; x_wconf 83' lang='grc'><strong>.</strong></span> <span class='ocrx_word' id='word_1_234' title='bbox 979 2161 1039 2227; x_wconf 90' lang='lat' dir='ltr'>XII,</span> <span class='ocrx_word' id='word_1_235' title='bbox 1061 2169 1100 2214; x_wconf 80' lang='lat'>17.</span> 
     </span>
     <span class='ocr_line' id='line_1_25' title="bbox 98 2228 1099 2299; baseline 0.004 -18"><span class='ocrx_word' id='word_1_236' title='bbox 98 2228 243 2292; x_wconf 87' lang='lat' dir='ltr'>Quatenus</span> <span class='ocrx_word' id='word_1_237' title='bbox 263 2228 395 2298; x_wconf 74' lang='lat' dir='ltr'>Odrysios</span> <span class='ocrx_word' id='word_1_238' title='bbox 412 2229 471 2283; x_wconf 91' lang='lat' dir='ltr'>iam</span> <span class='ocrx_word' id='word_1_239' title='bbox 488 2247 543 2299; x_wconf 84' lang='lat' dir='ltr'>pax</span> <span class='ocrx_word' id='word_1_240' title='bbox 561 2230 687 2284; x_wconf 85' lang='lat' dir='ltr'>Romana</span> <span class='ocrx_word' id='word_1_241' title='bbox 704 2229 822 2284; x_wconf 70' lang='lat' dir='ltr'>t1ione8.</span> <span class='ocrx_word' id='word_1_242' title='bbox 851 2273 857 2284; x_wconf 88' lang='lat'>.</span> <span class='ocrx_word' id='word_1_243' title='bbox 887 2273 893 2285; x_wconf 94' lang='lat'>.</span> <span class='ocrx_word' id='word_1_244' title='bbox 922 2275 927 2286; x_wconf 93' lang='lat'>.</span> <span class='ocrx_word' id='word_1_245' title='bbox 978 2232 1038 2297; x_wconf 91' lang='lat' dir='ltr'>VII,</span> <span class='ocrx_word' id='word_1_246' title='bbox 1058 2237 1099 2285; x_wconf 88' lang='lat'>80.</span> 
     </span>
     <span class='ocr_line' id='line_1_26' title="bbox 98 2299 1099 2369; baseline 0.003 -18"><span class='ocrx_word' id='word_1_247' title='bbox 98 2299 239 2363; x_wconf 89' lang='lat' dir='ltr'>Quattuor</span> <span class='ocrx_word' id='word_1_248' title='bbox 258 2299 368 2369; x_wconf 87' lang='lat' dir='ltr'>argenti</span> <span class='ocrx_word' id='word_1_249' title='bbox 385 2299 472 2353; x_wconf 88' lang='lat' dir='ltr'>libras</span> <span class='ocrx_word' id='word_1_250' title='bbox 490 2299 561 2353; x_wconf 88' lang='lat' dir='ltr'>mihi</span> <span class='ocrx_word' id='word_1_251' title='bbox 578 2302 704 2369; x_wconf 85' lang='lat' dir='ltr'>tempore</span> <span class='ocrx_word' id='word_1_252' title='bbox 722 2300 856 2354; x_wconf 89' lang='lat' dir='ltr'>brumae.</span> <span class='ocrx_word' id='word_1_253' title='bbox 887 2343 892 2354; x_wconf 94' lang='lat'>.</span> <span class='ocrx_word' id='word_1_254' title='bbox 921 2345 927 2357; x_wconf 85' lang='lat'>.</span> <span class='ocrx_word' id='word_1_255' title='bbox 964 2301 1038 2367; x_wconf 91' lang='lat' dir='ltr'>VIII,</span> <span class='ocrx_word' id='word_1_256' title='bbox 1059 2307 1099 2354; x_wconf 78' lang='lat'>71.</span> 
     </span>
     <span class='ocr_line' id='line_1_27' title="bbox 97 2369 1099 2438; baseline 0.001 -16"><span class='ocrx_word' id='word_1_257' title='bbox 97 2370 188 2435; x_wconf 91' lang='lat' dir='ltr'>Quem</span> <span class='ocrx_word' id='word_1_258' title='bbox 205 2369 316 2438; x_wconf 88' lang='lat' dir='ltr'>recitas,</span> <span class='ocrx_word' id='word_1_259' title='bbox 334 2388 412 2424; x_wconf 89' lang='lat' dir='ltr'>meus</span> <span class='ocrx_word' id='word_1_260' title='bbox 432 2372 483 2437; x_wconf 89' lang='lat' dir='ltr'>est,</span> <span class='ocrx_word' id='word_1_261' title='bbox 503 2388 519 2424; x_wconf 95' lang='lat' dir='ltr'>o</span> <span class='ocrx_word' id='word_1_262' title='bbox 537 2370 693 2437; x_wconf 82' lang='lat' dir='ltr'>Fidentine,</span> <span class='ocrx_word' id='word_1_263' title='bbox 711 2370 823 2424; x_wconf 91' lang='lat' dir='ltr'>libellus</span> <span class='ocrx_word' id='word_1_264' title='bbox 852 2413 858 2426; x_wconf 88' lang='lat'>.</span> <span class='ocrx_word' id='word_1_265' title='bbox 887 2413 893 2426; x_wconf 91' lang='lat'>.</span> <span class='ocrx_word' id='word_1_266' title='bbox 922 2415 927 2426; x_wconf 93' lang='lat'>.</span> <span class='ocrx_word' id='word_1_267' title='bbox 1017 2371 1038 2438; x_wconf 93' lang='lat' dir='ltr'>I,</span> <span class='ocrx_word' id='word_1_268' title='bbox 1058 2379 1099 2426; x_wconf 81' lang='lat'>38.</span> 
     </span>
     <span class='ocr_line' id='line_1_28' title="bbox 97 2439 1099 2510; baseline 0.003 -17"><span class='ocrx_word' id='word_1_269' title='bbox 97 2439 155 2504; x_wconf 90' lang='lat' dir='ltr'>Qui</span> <span class='ocrx_word' id='word_1_270' title='bbox 172 2439 318 2509; x_wconf 80' lang='lat' dir='ltr'>Corcyraei</span> <span class='ocrx_word' id='word_1_271' title='bbox 335 2441 409 2495; x_wconf 77' lang='lat' dir='ltr'>vidit</span> <span class='ocrx_word' id='word_1_272' title='bbox 424 2440 552 2510; x_wconf 89' lang='lat' dir='ltr'>pomaria</span> <span class='ocrx_word' id='word_1_273' title='bbox 569 2441 644 2510; x_wconf 86' lang='lat' dir='ltr'>regis</span> <span class='ocrx_word' id='word_1_274' title='bbox 676 2484 928 2497; x_wconf 88' lang='lat'>........</span> <span class='ocrx_word' id='word_1_275' title='bbox 965 2441 1031 2493; x_wconf 89' lang='lat' dir='ltr'>VIII</span> <span class='ocrx_word' id='word_1_276' title='bbox 1059 2448 1099 2496; x_wconf 83' lang='lat'>68.</span> 
     </span>
     <span class='ocr_line' id='line_1_29' title="bbox 97 2510 1100 2580; baseline 0 -16"><span class='ocrx_word' id='word_1_277' title='bbox 97 2510 154 2575; x_wconf 90' lang='lat' dir='ltr'>Qui</span> <span class='ocrx_word' id='word_1_278' title='bbox 170 2511 324 2574; x_wconf 82' lang='lat' dir='ltr'>Diomediis</span> <span class='ocrx_word' id='word_1_279' title='bbox 342 2512 508 2565; x_wconf 90' lang='lat' dir='ltr'>metuendus</span> <span class='ocrx_word' id='word_1_280' title='bbox 528 2511 650 2580; x_wconf 88' lang='lat' dir='ltr'>saetiger</span> <span class='ocrx_word' id='word_1_281' title='bbox 668 2510 743 2580; x_wconf 87' lang='lat' dir='ltr'>agris</span> <span class='ocrx_word' id='word_1_282' title='bbox 781 2555 786 2566; x_wconf 94' lang='lat'>.</span> <span class='ocrx_word' id='word_1_283' title='bbox 816 2555 822 2567; x_wconf 86' lang='lat'>.</span> <span class='ocrx_word' id='word_1_284' title='bbox 851 2555 857 2565; x_wconf 95' lang='lat'>.</span> <span class='ocrx_word' id='word_1_285' title='bbox 887 2555 892 2567; x_wconf 98' lang='lat'>.</span> <span class='ocrx_word' id='word_1_286' title='bbox 922 2555 927 2567; x_wconf 91' lang='lat'>.</span> <span class='ocrx_word' id='word_1_287' title='bbox 964 2511 1038 2579; x_wconf 92' lang='lat' dir='ltr'>XIII,</span> <span class='ocrx_word' id='word_1_288' title='bbox 1058 2520 1100 2566; x_wconf 87' lang='grc'>93.</span> 
     </span>
     <span class='ocr_line' id='line_1_30' title="bbox 97 2581 1098 2651; baseline 0.003 -18"><span class='ocrx_word' id='word_1_289' title='bbox 97 2581 154 2646; x_wconf 88' lang='lat' dir='ltr'>Qui</span> <span class='ocrx_word' id='word_1_290' title='bbox 172 2581 249 2634; x_wconf 90' lang='lat' dir='ltr'>ducis</span> <span class='ocrx_word' id='word_1_291' title='bbox 267 2583 362 2636; x_wconf 84' lang='lat' dir='ltr'>vultus</span> <span class='ocrx_word' id='word_1_292' title='bbox 381 2585 410 2636; x_wconf 93' lang='lat' dir='ltr'>et</span> <span class='ocrx_word' id='word_1_293' title='bbox 427 2600 484 2636; x_wconf 92' lang='lat' dir='ltr'>non</span> <span class='ocrx_word' id='word_1_294' title='bbox 500 2583 572 2651; x_wconf 89' lang='lat' dir='ltr'>legis</span> <span class='ocrx_word' id='word_1_295' title='bbox 589 2582 647 2635; x_wconf 90' lang='lat' dir='ltr'>ista</span> <span class='ocrx_word' id='word_1_296' title='bbox 664 2583 785 2635; x_wconf 90' lang='lat' dir='ltr'>libenter</span> <span class='ocrx_word' id='word_1_297' title='bbox 815 2626 821 2637; x_wconf 93' lang='lat'>.</span> <span class='ocrx_word' id='word_1_298' title='bbox 850 2626 855 2636; x_wconf 93' lang='lat'>.</span> <span class='ocrx_word' id='word_1_299' title='bbox 887 2626 892 2637; x_wconf 92' lang='lat'>.</span> <span class='ocrx_word' id='word_1_300' title='bbox 922 2627 926 2636; x_wconf 95' lang='lat'>.</span> <span class='ocrx_word' id='word_1_301' title='bbox 1016 2583 1037 2649; x_wconf 90' lang='lat' dir='ltr'>l,</span> <span class='ocrx_word' id='word_1_302' title='bbox 1057 2589 1098 2636; x_wconf 85' lang='lat'>40.</span> 
     </span>
     <span class='ocr_line' id='line_1_31' title="bbox 96 2651 1099 2722; baseline 0.004 -18"><span class='ocrx_word' id='word_1_303' title='bbox 96 2651 154 2717; x_wconf 91' lang='lat' dir='ltr'>Qui</span> <span class='ocrx_word' id='word_1_304' title='bbox 171 2652 264 2720; x_wconf 83' lang='lat' dir='ltr'>gravis</span> <span class='ocrx_word' id='word_1_305' title='bbox 280 2670 308 2707; x_wconf 88' lang='lat' dir='ltr'>es</span> <span class='ocrx_word' id='word_1_306' title='bbox 323 2652 448 2721; x_wconf 88' lang='lat' dir='ltr'>nimium,</span> <span class='ocrx_word' id='word_1_307' title='bbox 466 2655 547 2722; x_wconf 90' lang='lat' dir='ltr'>potes</span> <span class='ocrx_word' id='word_1_308' title='bbox 565 2652 632 2706; x_wconf 90' lang='lat' dir='ltr'>hinc</span> <span class='ocrx_word' id='word_1_309' title='bbox 649 2653 714 2717; x_wconf 89' lang='lat' dir='ltr'>iam,</span> <span class='ocrx_word' id='word_1_310' title='bbox 733 2653 829 2719; x_wconf 89' lang='lat' dir='ltr'>lector,</span> <span class='ocrx_word' id='word_1_311' title='bbox 848 2652 925 2706; x_wconf 91' lang='lat' dir='ltr'>abire</span> <span class='ocrx_word' id='word_1_312' title='bbox 991 2652 1038 2719; x_wconf 93' lang='lat' dir='ltr'>XI,</span> <span class='ocrx_word' id='word_1_313' title='bbox 1059 2660 1099 2708; x_wconf 88' lang='grc'>16.</span> 
     </span>
     <span class='ocr_line' id='line_1_32' title="bbox 97 2721 1099 2792; baseline 0.001 -16"><span class='ocrx_word' id='word_1_314' title='bbox 97 2721 154 2787; x_wconf 92' lang='lat' dir='ltr'>Qui</span> <span class='ocrx_word' id='word_1_315' title='bbox 170 2722 242 2792; x_wconf 85' lang='lat' dir='ltr'>legis</span> <span class='ocrx_word' id='word_1_316' title='bbox 262 2723 424 2792; x_wconf 90' lang='lat' dir='ltr'>Oedipoden</span> <span class='ocrx_word' id='word_1_317' title='bbox 442 2724 666 2792; x_wconf 81' lang='lat' dir='ltr'>callgantemque</span> <span class='ocrx_word' id='word_1_318' title='bbox 683 2723 825 2791; x_wconf 84' lang='lat' dir='ltr'>Thyesten</span> <span class='ocrx_word' id='word_1_319' title='bbox 852 2767 858 2778; x_wconf 93' lang='lat'>.</span> <span class='ocrx_word' id='word_1_320' title='bbox 888 2767 893 2778; x_wconf 93' lang='lat'>.</span> <span class='ocrx_word' id='word_1_321' title='bbox 922 2766 928 2778; x_wconf 91' lang='lat'>.</span> <span class='ocrx_word' id='word_1_322' title='bbox 1023 2724 1056 2792; x_wconf 92' lang='lat' dir='ltr'>X,</span> <span class='ocrx_word' id='word_1_323' title='bbox 1075 2731 1099 2777; x_wconf 83' lang='lat'>4.</span> 
     </span>
     <span class='ocr_line' id='line_1_33' title="bbox 97 2792 1099 2864; baseline 0.003 -18"><span class='ocrx_word' id='word_1_324' title='bbox 97 2792 153 2858; x_wconf 91' lang='lat' dir='ltr'>Qui</span> <span class='ocrx_word' id='word_1_325' title='bbox 170 2794 253 2847; x_wconf 90' lang='lat' dir='ltr'>modo</span> <span class='ocrx_word' id='word_1_326' title='bbox 270 2811 322 2863; x_wconf 88' lang='lat' dir='ltr'>per</span> <span class='ocrx_word' id='word_1_327' title='bbox 339 2797 429 2848; x_wconf 89' lang='lat' dir='ltr'>totam</span> <span class='ocrx_word' id='word_1_328' title='bbox 446 2794 567 2848; x_wconf 85' lang='lat' dir='ltr'>flammis</span> <span class='ocrx_word' id='word_1_329' title='bbox 586 2793 746 2848; x_wconf 89' lang='lat' dir='ltr'>stimulatus</span> <span class='ocrx_word' id='word_1_330' title='bbox 765 2793 899 2847; x_wconf 90' lang='lat' dir='ltr'>harenam</span> <span class='ocrx_word' id='word_1_331' title='bbox 922 2838 927 2850; x_wconf 98' lang='lat'>.</span> <span class='ocrx_word' id='word_1_332' title='bbox 983 2795 1037 2864; x_wconf 83' lang='lat' dir='ltr'>Ep.</span> <span class='ocrx_word' id='word_1_333' title='bbox 1059 2803 1099 2849; x_wconf 85' lang='lat'>19.</span> 
     </span>
     <span class='ocr_line' id='line_1_34' title="bbox 96 2863 1099 2934; baseline 0.004 -17"><span class='ocrx_word' id='word_1_334' title='bbox 96 2863 153 2930; x_wconf 90' lang='lat' dir='ltr'>Qui</span> <span class='ocrx_word' id='word_1_335' title='bbox 169 2866 293 2918; x_wconf 90' lang='lat' dir='ltr'>nondum</span> <span class='ocrx_word' id='word_1_336' title='bbox 312 2864 424 2934; x_wconf 85' lang='lat' dir='ltr'>Stygias</span> <span class='ocrx_word' id='word_1_337' title='bbox 443 2865 554 2933; x_wconf 90' lang='lat' dir='ltr'>quaerit</span> <span class='ocrx_word' id='word_1_338' title='bbox 571 2865 739 2919; x_wconf 88' lang='lat' dir='ltr'>descendere</span> <span class='ocrx_word' id='word_1_339' title='bbox 757 2865 794 2918; x_wconf 88' lang='lat' dir='ltr'>ad</span> <span class='ocrx_word' id='word_1_340' title='bbox 811 2865 923 2918; x_wconf 90' lang='lat' dir='ltr'>umbras</span> <span class='ocrx_word' id='word_1_341' title='bbox 991 2865 1038 2932; x_wconf 93' lang='lat' dir='ltr'>XI,</span> <span class='ocrx_word' id='word_1_342' title='bbox 1057 2871 1099 2921; x_wconf 85' lang='lat'>84.</span> 
     </span>
     <span class='ocr_line' id='line_1_35' title="bbox 96 2934 1098 3004; baseline 0.004 -17"><span class='ocrx_word' id='word_1_343' title='bbox 96 2934 154 3001; x_wconf 91' lang='lat' dir='ltr'>Qui</span> <span class='ocrx_word' id='word_1_344' title='bbox 170 2952 243 2988; x_wconf 88' lang='lat' dir='ltr'>nunc</span> <span class='ocrx_word' id='word_1_345' title='bbox 262 2934 414 2990; x_wconf 84' lang='lat' dir='ltr'>Caesareae</span> <span class='ocrx_word' id='word_1_346' title='bbox 431 2937 509 2990; x_wconf 87' lang='lat' dir='ltr'>lusus</span> <span class='ocrx_word' id='word_1_347' title='bbox 528 2937 671 3004; x_wconf 87' lang='lat' dir='ltr'>spectatur</span> <span class='ocrx_word' id='word_1_348' title='bbox 688 2936 822 2991; x_wconf 88' lang='lat' dir='ltr'>harenae.</span> <span class='ocrx_word' id='word_1_349' title='bbox 852 2980 858 2991; x_wconf 91' lang='lat'>.</span> <span class='ocrx_word' id='word_1_350' title='bbox 886 2979 892 2991; x_wconf 89' lang='lat'>.</span> <span class='ocrx_word' id='word_1_351' title='bbox 923 2979 928 2990; x_wconf 94' lang='lat'>.</span> <span class='ocrx_word' id='word_1_352' title='bbox 963 2935 1038 3003; x_wconf 88' lang='lat' dir='ltr'>VIII,</span> <span class='ocrx_word' id='word_1_353' title='bbox 1058 2943 1098 2991; x_wconf 88' lang='lat'>30.</span> 
     </span>
     <span class='ocr_line' id='line_1_36' title="bbox 95 3005 1098 3076; baseline 0.002 -18"><span class='ocrx_word' id='word_1_354' title='bbox 95 3005 153 3070; x_wconf 89' lang='lat' dir='ltr'>Qui</span> <span class='ocrx_word' id='word_1_355' title='bbox 170 3005 317 3060; x_wconf 87' lang='lat' dir='ltr'>Palatinae</span> <span class='ocrx_word' id='word_1_356' title='bbox 335 3009 448 3076; x_wconf 89' lang='lat' dir='ltr'>caperet</span> <span class='ocrx_word' id='word_1_357' title='bbox 466 3007 595 3062; x_wconf 84' lang='lat' dir='ltr'>convivia</span> <span class='ocrx_word' id='word_1_358' title='bbox 611 3022 749 3062; x_wconf 89' lang='lat' dir='ltr'>mensae.</span> <span class='ocrx_word' id='word_1_359' title='bbox 778 3050 784 3062; x_wconf 87' lang='lat'>.</span> <span class='ocrx_word' id='word_1_360' title='bbox 814 3051 820 3062; x_wconf 91' lang='lat'>.</span> <span class='ocrx_word' id='word_1_361' title='bbox 849 3050 855 3062; x_wconf 93' lang='lat'>.</span> <span class='ocrx_word' id='word_1_362' title='bbox 884 3050 890 3061; x_wconf 92' lang='lat'>.</span> <span class='ocrx_word' id='word_1_363' title='bbox 920 3051 926 3062; x_wconf 88' lang='lat'>.</span> <span class='ocrx_word' id='word_1_364' title='bbox 963 3007 1037 3074; x_wconf 92' lang='lat' dir='ltr'>VIII,</span> <span class='ocrx_word' id='word_1_365' title='bbox 1057 3014 1098 3060; x_wconf 84' lang='lat'>39.</span> 
     </span>
     <span class='ocr_line' id='line_1_37' title="bbox 95 3076 1098 3146; baseline 0.002 -17"><span class='ocrx_word' id='word_1_366' title='bbox 95 3076 152 3142; x_wconf 90' lang='lat' dir='ltr'>Qui</span> <span class='ocrx_word' id='word_1_367' title='bbox 168 3076 262 3146; x_wconf 77' lang='lat' dir='ltr'>piant</span> <span class='ocrx_word' id='word_1_368' title='bbox 278 3077 416 3131; x_wconf 90' lang='lat' dir='ltr'>Venerem</span> <span class='ocrx_word' id='word_1_369' title='bbox 433 3080 520 3146; x_wconf 92' lang='lat' dir='ltr'>tuam,</span> <span class='ocrx_word' id='word_1_370' title='bbox 538 3077 637 3146; x_wconf 81' lang='lat' dir='ltr'>Lycori</span> <span class='ocrx_word' id='word_1_371' title='bbox 673 3120 926 3133; x_wconf 87' lang='lat'>........</span> <span class='ocrx_word' id='word_1_372' title='bbox 998 3077 1020 3143; x_wconf 90' lang='lat' dir='ltr'>I,</span> <span class='ocrx_word' id='word_1_373' title='bbox 1041 3083 1098 3131; x_wconf 79' lang='lat'>101.</span> 
     </span>
     <span class='ocr_line' id='line_1_38' title="bbox 95 3146 1098 3216; baseline 0 -16"><span class='ocrx_word' id='word_1_374' title='bbox 95 3146 151 3213; x_wconf 91' lang='lat' dir='ltr'>Qui</span> <span class='ocrx_word' id='word_1_375' title='bbox 168 3147 263 3216; x_wconf 88' lang='lat' dir='ltr'>potuit</span> <span class='ocrx_word' id='word_1_376' title='bbox 280 3148 384 3202; x_wconf 89' lang='lat' dir='ltr'>Bacchi</span> <span class='ocrx_word' id='word_1_377' title='bbox 400 3151 520 3203; x_wconf 88' lang='lat' dir='ltr'>matrem</span> <span class='ocrx_word' id='word_1_378' title='bbox 538 3147 641 3202; x_wconf 86' lang='lat' dir='ltr'>dixisse</span> <span class='ocrx_word' id='word_1_379' title='bbox 660 3147 817 3201; x_wconf 84' lang='lat' dir='ltr'>Tonantem</span> <span class='ocrx_word' id='word_1_380' title='bbox 851 3192 857 3202; x_wconf 93' lang='lat'>.</span> <span class='ocrx_word' id='word_1_381' title='bbox 886 3191 892 3202; x_wconf 80' lang='grc'><strong>.</strong></span> <span class='ocrx_word' id='word_1_382' title='bbox 923 3190 928 3201; x_wconf 93' lang='grc'>.</span> <span class='ocrx_word' id='word_1_383' title='bbox 1004 3147 1038 3213; x_wconf 92' lang='lat' dir='ltr'>V,</span> <span class='ocrx_word' id='word_1_384' title='bbox 1058 3154 1098 3201; x_wconf 79' lang='lat'>72.</span> 
     </span>
     <span class='ocr_line' id='line_1_39' title="bbox 95 3217 1098 3289; baseline -0.002 -18"><span class='ocrx_word' id='word_1_385' title='bbox 95 3217 150 3284; x_wconf 91' lang='lat' dir='ltr'>Qui</span> <span class='ocrx_word' id='word_1_386' title='bbox 168 3220 296 3286; x_wconf 88' lang='lat' dir='ltr'>praestat</span> <span class='ocrx_word' id='word_1_387' title='bbox 312 3218 420 3287; x_wconf 90' lang='lat' dir='ltr'>pietate</span> <span class='ocrx_word' id='word_1_388' title='bbox 437 3219 576 3289; x_wconf 91' lang='lat' dir='ltr'>pertinaci</span> <span class='ocrx_word' id='word_1_389' title='bbox 603 3259 926 3275; x_wconf 88' lang='lat'>..........</span> <span class='ocrx_word' id='word_1_390' title='bbox 963 3217 1037 3283; x_wconf 87' lang='lat' dir='ltr'>VIII,</span> <span class='ocrx_word' id='word_1_391' title='bbox 1057 3223 1098 3271; x_wconf 88' lang='lat'>38.</span> 
     </span>
     <span class='ocr_line' id='line_1_40' title="bbox 95 3286 1098 3354; baseline 0 -13"><span class='ocrx_word' id='word_1_392' title='bbox 95 3289 150 3354; x_wconf 93' lang='lat' dir='ltr'>Qui</span> <span class='ocrx_word' id='word_1_393' title='bbox 168 3289 270 3342; x_wconf 90' lang='lat' dir='ltr'>recitat</span> <span class='ocrx_word' id='word_1_394' title='bbox 286 3290 354 3343; x_wconf 89' lang='lat' dir='ltr'>lana</span> <span class='ocrx_word' id='word_1_395' title='bbox 371 3289 465 3343; x_wconf 89' lang='lat' dir='ltr'>fauces</span> <span class='ocrx_word' id='word_1_396' title='bbox 486 3291 515 3343; x_wconf 90' lang='lat' dir='ltr'>et</span> <span class='ocrx_word' id='word_1_397' title='bbox 532 3291 605 3344; x_wconf 89' lang='lat' dir='ltr'>colla</span> <span class='ocrx_word' id='word_1_398' title='bbox 622 3288 784 3343; x_wconf 78' lang='lat' dir='ltr'>revinctus.</span> <span class='ocrx_word' id='word_1_399' title='bbox 813 3331 819 3342; x_wconf 95' lang='lat'>.</span> <span class='ocrx_word' id='word_1_400' title='bbox 848 3331 854 3341; x_wconf 92' lang='lat'>.</span> <span class='ocrx_word' id='word_1_401' title='bbox 884 3331 889 3341; x_wconf 92' lang='lat'>.</span> <span class='ocrx_word' id='word_1_402' title='bbox 918 3330 924 3342; x_wconf 94' lang='lat'>.</span> <span class='ocrx_word' id='word_1_403' title='bbox 989 3286 1036 3353; x_wconf 91' lang='lat' dir='ltr'>VI,</span> <span class='ocrx_word' id='word_1_404' title='bbox 1056 3292 1098 3341; x_wconf 82' lang='lat'>41.</span> 
     </span>
     <span class='ocr_line' id='line_1_41' title="bbox 95 3357 1097 3428; baseline -0.002 -15"><span class='ocrx_word' id='word_1_405' title='bbox 95 3359 151 3424; x_wconf 86' lang='lat' dir='ltr'>Qui</span> <span class='ocrx_word' id='word_1_406' title='bbox 168 3361 262 3413; x_wconf 88' lang='lat' dir='ltr'>tecum</span> <span class='ocrx_word' id='word_1_407' title='bbox 280 3360 358 3428; x_wconf 86' lang='lat' dir='ltr'>cupis</span> <span class='ocrx_word' id='word_1_408' title='bbox 378 3376 439 3413; x_wconf 89' lang='lat' dir='ltr'>esse</span> <span class='ocrx_word' id='word_1_409' title='bbox 456 3377 532 3414; x_wconf 89' lang='lat' dir='ltr'>meos</span> <span class='ocrx_word' id='word_1_410' title='bbox 551 3360 709 3428; x_wconf 90' lang='lat' dir='ltr'>ubicunque</span> <span class='ocrx_word' id='word_1_411' title='bbox 726 3357 855 3413; x_wconf 91' lang='lat' dir='ltr'>libellos.</span> <span class='ocrx_word' id='word_1_412' title='bbox 885 3401 890 3412; x_wconf 93' lang='lat'>.</span> <span class='ocrx_word' id='word_1_413' title='bbox 919 3401 925 3412; x_wconf 95' lang='lat'>.</span> <span class='ocrx_word' id='word_1_414' title='bbox 1033 3358 1053 3424; x_wconf 92' lang='grc' dir='ltr'>Ι,</span> <span class='ocrx_word' id='word_1_415' title='bbox 1073 3364 1097 3411; x_wconf 83' lang='lat'>2.</span> 
     </span>
     <span class='ocr_line' id='line_1_42' title="bbox 95 3427 1098 3495; baseline -0.003 -12"><span class='ocrx_word' id='word_1_416' title='bbox 95 3430 151 3495; x_wconf 90' lang='lat' dir='ltr'>Qui</span> <span class='ocrx_word' id='word_1_417' title='bbox 168 3432 265 3485; x_wconf 91' lang='lat' dir='ltr'>tonsor</span> <span class='ocrx_word' id='word_1_418' title='bbox 283 3433 345 3484; x_wconf 90' lang='lat' dir='ltr'>tota</span> <span class='ocrx_word' id='word_1_419' title='bbox 362 3431 455 3484; x_wconf 89' lang='lat' dir='ltr'>fueras</span> <span class='ocrx_word' id='word_1_420' title='bbox 472 3430 636 3484; x_wconf 83' lang='lat' dir='ltr'>notissimus</span> <span class='ocrx_word' id='word_1_421' title='bbox 654 3431 722 3483; x_wconf 87' lang='lat' dir='ltr'>urbe</span> <span class='ocrx_word' id='word_1_422' title='bbox 744 3473 750 3484; x_wconf 94' lang='lat'>.</span> <span class='ocrx_word' id='word_1_423' title='bbox 779 3471 785 3483; x_wconf 94' lang='lat'>.</span> <span class='ocrx_word' id='word_1_424' title='bbox 814 3471 820 3484; x_wconf 90' lang='lat'>.</span> <span class='ocrx_word' id='word_1_425' title='bbox 850 3472 855 3484; x_wconf 98' lang='lat'>.</span> <span class='ocrx_word' id='word_1_426' title='bbox 884 3470 890 3482; x_wconf 92' lang='lat'>.</span> <span class='ocrx_word' id='word_1_427' title='bbox 919 3471 925 3482; x_wconf 88' lang='lat'>.</span> <span class='ocrx_word' id='word_1_428' title='bbox 976 3427 1035 3495; x_wconf 92' lang='lat' dir='ltr'>VII,</span> <span class='ocrx_word' id='word_1_429' title='bbox 1056 3435 1098 3482; x_wconf 86' lang='lat'>04.</span> 
     </span>
     <span class='ocr_line' id='line_1_43' title="bbox 94 3497 1096 3570; baseline -0.002 -16"><span class='ocrx_word' id='word_1_430' title='bbox 94 3501 150 3565; x_wconf 91' lang='lat' dir='ltr'>Qui</span> <span class='ocrx_word' id='word_1_431' title='bbox 168 3501 246 3555; x_wconf 85' lang='lat' dir='ltr'>venit</span> <span class='ocrx_word' id='word_1_432' title='bbox 263 3502 376 3555; x_wconf 91' lang='lat' dir='ltr'>botulus</span> <span class='ocrx_word' id='word_1_433' title='bbox 395 3500 504 3554; x_wconf 85' lang='lat' dir='ltr'>mediae</span> <span class='ocrx_word' id='word_1_434' title='bbox 523 3501 577 3554; x_wconf 93' lang='lat' dir='ltr'>tibi</span> <span class='ocrx_word' id='word_1_435' title='bbox 594 3503 719 3570; x_wconf 87' lang='lat' dir='ltr'>tempore</span> <span class='ocrx_word' id='word_1_436' title='bbox 737 3499 853 3552; x_wconf 86' lang='lat' dir='ltr'>brumae</span> <span class='ocrx_word' id='word_1_437' title='bbox 884 3541 890 3552; x_wconf 90' lang='lat'>.</span> <span class='ocrx_word' id='word_1_438' title='bbox 918 3541 924 3554; x_wconf 91' lang='lat'>.</span> <span class='ocrx_word' id='word_1_439' title='bbox 961 3497 1034 3565; x_wconf 89' lang='lat' dir='ltr'>XIV,</span> <span class='ocrx_word' id='word_1_440' title='bbox 1055 3504 1096 3552; x_wconf 81' lang='lat'>12.</span> 
     </span>
     <span class='ocr_line' id='line_1_44' title="bbox 94 3569 1097 3638; baseline -0.004 -12"><span class='ocrx_word' id='word_1_441' title='bbox 94 3573 169 3637; x_wconf 91' lang='lat' dir='ltr'>Quid</span> <span class='ocrx_word' id='word_1_442' title='bbox 187 3590 251 3626; x_wconf 91' lang='lat' dir='ltr'>cum</span> <span class='ocrx_word' id='word_1_443' title='bbox 268 3573 389 3626; x_wconf 90' lang='lat' dir='ltr'>femineo</span> <span class='ocrx_word' id='word_1_444' title='bbox 407 3571 470 3638; x_wconf 90' lang='lat' dir='ltr'>tibi,</span> <span class='ocrx_word' id='word_1_445' title='bbox 488 3571 602 3626; x_wconf 90' lang='lat' dir='ltr'>Baetice</span> <span class='ocrx_word' id='word_1_446' title='bbox 621 3571 709 3638; x_wconf 85' lang='lat' dir='ltr'>Galle,</span> <span class='ocrx_word' id='word_1_447' title='bbox 727 3569 889 3624; x_wconf 76' lang='lat' dir='ltr'>barathrof.</span> <span class='ocrx_word' id='word_1_448' title='bbox 919 3612 925 3624; x_wconf 97' lang='lat'>.</span> <span class='ocrx_word' id='word_1_449' title='bbox 988 3569 1036 3635; x_wconf 91' lang='grc' dir='ltr'>ΙΙΙ,</span> <span class='ocrx_word' id='word_1_450' title='bbox 1055 3575 1097 3622; x_wconf 88' lang='lat'>81.</span> 
     </span>
    </p>
   </div>
   <div class='ocr_carea' id='block_1_3' title="bbox 93 3640 1108 3855">
    <p class='ocr_par' dir='ltr' id='par_1_3' title="bbox 93 3640 1108 3855">
     <span class='ocr_line' id='line_1_45' title="bbox 93 3640 1096 3711; baseline -0.003 -14"><span class='ocrx_word' id='word_1_451' title='bbox 93 3643 169 3709; x_wconf 89' lang='lat' dir='ltr'>Quid</span> <span class='ocrx_word' id='word_1_452' title='bbox 188 3643 223 3697; x_wconf 94' lang='lat' dir='ltr'>de</span> <span class='ocrx_word' id='word_1_453' title='bbox 241 3646 278 3710; x_wconf 85' lang='lat' dir='ltr'>tc,</span> <span class='ocrx_word' id='word_1_454' title='bbox 297 3644 374 3711; x_wconf 91' lang='lat' dir='ltr'>Line,</span> <span class='ocrx_word' id='word_1_455' title='bbox 393 3641 550 3711; x_wconf 87' lang='lat' dir='ltr'>suspicetur</span> <span class='ocrx_word' id='word_1_456' title='bbox 567 3659 636 3697; x_wconf 85' lang='lat' dir='ltr'>uxor</span> <span class='ocrx_word' id='word_1_457' title='bbox 672 3682 925 3698; x_wconf 90' lang='lat'>........</span> <span class='ocrx_word' id='word_1_458' title='bbox 1001 3640 1036 3706; x_wconf 93' lang='grc' dir='ltr'>ΙΙ,</span> <span class='ocrx_word' id='word_1_459' title='bbox 1055 3647 1096 3694; x_wconf 82' lang='grc'>54.</span> 
     </span>
     <span class='ocr_line' id='line_1_46' title="bbox 95 3709 1097 3782; baseline -0.004 -14"><span class='ocrx_word' id='word_1_460' title='bbox 95 3714 170 3781; x_wconf 89' lang='lat' dir='ltr'>Quid</span> <span class='ocrx_word' id='word_1_461' title='bbox 187 3713 277 3768; x_wconf 86' lang='lat' dir='ltr'>faciat</span> <span class='ocrx_word' id='word_1_462' title='bbox 294 3715 355 3767; x_wconf 85' lang='lat' dir='ltr'>vult</span> <span class='ocrx_word' id='word_1_463' title='bbox 373 3714 444 3767; x_wconf 90' lang='lat' dir='ltr'>scire</span> <span class='ocrx_word' id='word_1_464' title='bbox 462 3712 554 3781; x_wconf 83' lang='lat' dir='ltr'>Lyris:</span> <span class='ocrx_word' id='word_1_465' title='bbox 574 3713 650 3782; x_wconf 93' lang='lat' dir='ltr'>quod</span> <span class='ocrx_word' id='word_1_466' title='bbox 668 3710 774 3766; x_wconf 88' lang='lat' dir='ltr'>sobria:</span> <span class='ocrx_word' id='word_1_467' title='bbox 792 3709 874 3765; x_wconf 90' lang='lat' dir='ltr'>fellat</span> <span class='ocrx_word' id='word_1_468' title='bbox 919 3754 924 3765; x_wconf 94' lang='lat'>.</span> <span class='ocrx_word' id='word_1_469' title='bbox 1001 3710 1035 3776; x_wconf 94' lang='lat' dir='ltr'>II,</span> <span class='ocrx_word' id='word_1_470' title='bbox 1056 3717 1097 3764; x_wconf 77' lang='lat'>73.</span> 
     </span>
     <span class='ocr_line' id='line_1_47' title="bbox 93 3782 1108 3855; baseline -0.004 -17"><span class='ocrx_word' id='word_1_471' title='bbox 93 3784 169 3853; x_wconf 87' lang='lat' dir='ltr'>Quid</span> <span class='ocrx_word' id='word_1_472' title='bbox 185 3783 273 3840; x_wconf 87' lang='lat' dir='ltr'>faciet</span> <span class='ocrx_word' id='word_1_473' title='bbox 289 3785 381 3839; x_wconf 90' lang='lat' dir='ltr'>nullos</span> <span class='ocrx_word' id='word_1_474' title='bbox 399 3784 445 3838; x_wconf 90' lang='lat' dir='ltr'>hio</span> <span class='ocrx_word' id='word_1_475' title='bbox 464 3783 613 3840; x_wconf 88' lang='lat' dir='ltr'>inventura</span> <span class='ocrx_word' id='word_1_476' title='bbox 631 3782 751 3855; x_wconf 79' lang='lat' dir='ltr'>capillos</span> <span class='ocrx_word' id='word_1_477' title='bbox 1084 3785 1108 3825; x_wconf 63' lang='lat' dir='ltr'>&#39;a</span> 
     </span>
    </p>
   </div>
   <div class='ocr_carea' id='block_1_4' title="bbox 137 3901 218 3941">
    <p class='ocr_par' dir='ltr' id='par_1_4' title="bbox 137 3901 218 3941">
     <span class='ocr_line' id='line_1_48' title="bbox 137 3901 218 3941; baseline -0.012 0"><span class='ocrx_word' id='word_1_478' title='bbox 137 3901 218 3941; x_wconf 66' lang='grc' dir='ltr'>ΚΛΜ.</span> 
     </span>
    </p>
   </div>
   <div class='ocr_carea' id='block_1_5' title="bbox 0 0 1208 4132">
    <p class='ocr_par' dir='ltr' id='par_1_5' title="bbox 0 0 1208 4132">
     <span class='ocr_line' id='line_1_49' title="bbox 0 0 1208 4132; baseline 0 2"><span class='ocrx_word' id='word_1_479' title='bbox 0 0 1208 4132; x_wconf 95' lang='lat' dir='ltr'> </span> 
     </span>
    </p>
   </div>
  </div>
 </body>
</html>
