2408 4132
33 27 1199 237 agm-

375 463 667 526 EPIGBAMMATON
684 466 752 525 ΙιΙΒ.
771 467 818 523 Xl.
1030 465 1095 533 26‘l

137 626 230 691 Dixit
251 627 337 699 iden
358 628 507 711 quotiens
531 627 652 695 lascire
675 629 756 696 Iuno
780 629 943 701 Tonanti?

181 713 241 779 Ille
263 719 373 785 tamen
396 715 512 801 grandi
535 737 607 783 cum
631 715 816 801 Ganymede
837 718 930 785 lacet.

112 803 333 874 clncurrabat
354 802 466 888 Hylan
487 805 596 888 posito
620 804 813 889 Tirynthius
834 824 925 872 areu:

182 891 230 955 Tu
252 891 410 977 Megaran
433 891 534 958 eredis
556 913 623 964 nen
645 892 799 963 habuisse
820 894 935 960 natas?

137 978 323 1063 Torquebat
345 979 513 1049 Phoebum
535 979 673 1066 Daphne
695 981 848 1068 fugitiva:
870 981 1023 1048 sedilias

182 1067 335 1135 Oebalius
358 1068 504 1138 flammas
527 1069 623 1137 iussit
647 1069 736 1137 abira
758 1092 847 1154 puer.

137 1154 259 1220 Briseis
282 1157 420 1220 multum
445 1157 592 1240 quamvis
616 1179 729 1225 aversa
751 1159 881 1242 iaceret,

93 1259 128 1309 10
181 1243 341 1309 Aeacidae
363 1244 495 1329 propior
517 1245 598 1311 levis
621 1245 744 1311 amicus
768 1251 846 1311 erat.

138 1331 238 1398 Parce
259 1333 326 1397 tuis
349 1336 451 1419 rgrtur
474 1332 550 1397 dare
573 1334 717 1402 mascula
738 1334 872 1409 nemina
894 1333 1004 1418 rebus,

181 1419 290 1504 Teque
312 1422 392 1506 puta
414 1442 550 1507 cunnos,
571 1444 667 1507 uxor,
689 1422 808 1497 habere
832 1422 921 1489 duos.

540 1561 653 1628 XLIV.

139 1656 243 1722 Orbus
266 1679 300 1722 es
324 1664 357 1723 et
380 1658 524 1744 locuples
548 1663 581 1724 et
603 1658 706 1733 Brute
730 1660 859 1725 consule
882 1662 991 1725 natus:

181 1745 263 1811 Esse
285 1746 346 1812 tibi
368 1769 461 1815 veras
484 1747 587 1814 credis
609 1747 791 1821 amicitias?

139 1831 221 1897 Sunt
242 1855 351 1917 verae,
369 1835 426 1906 sed
448 1857 528 1923 quas
546 1835 783 1929 inventaque
802 1858 924 1928 pauper
944 1835 1096 1909 habebas.

183 1921 245 1998 Qui
267 1944 370 1995 novus
393 1925 617 2009 astruentem
640 1924 749 2017 diligit
770 1924 827 1998 ille
850 1928 949 1997 tuam.

456 2069 458 2074 ‘
546 2063 644 2129 XLV.

138 2158 275 2224 Intrasti
298 2160 447 2245 quotiens
470 2161 645 2244 inscriptae
667 2161 782 2225 limina
804 2161 918 2243 cellae,

183 2245 246 2319 Seu
266 2270 347 2332 puer
369 2248 479 2321 arrisit
502 2248 568 2315 sive
590 2248 700 2333 puella
722 2250 798 2333 tibi,

140 2332 317 2401 Contentus
340 2357 406 2401 non
427 2357 462 2410 es
484 2335 609 2409 foribus
632 2337 769 2420 veloque
791 2358 939 2422 seraque,

184 2422 412 2509 Secretumque
433 2424 525 2497 iubae
549 2424 703 2510 grandius
725 2445 797 2491 asae
819 2425 895 2495 tibi:

110 2510 303 2585 eOblim'tur
325 2512 478 2585 minimae
500 2512 529 2587 si
552 2535 616 2597 quc
637 2516 688 2586 eat
710 2512 850 2597 auspicia
873 2511 974 2584 rimae

182 2600 370 2686 Punctaque
391 2600 514 2671 lasciua
536 2622 618 2686 quae
640 2600 846 2675 terebrantur
863 2622 933 2672 acu

138 2687 242 2754 Nemo
266 2694 317 2754 est
337 2694 406 2763 tam
428 2689 531 2761 teneri
553 2693 623 2762 taus
645 2687 841 2773 sollicitique
864 2687 1010 2773 pedatu,

182 2777 245 2854 Qui
266 2777 320 2847 val
341 2776 502 2864 paedieat,
524 2775 701 2862 Canthara,
724 2778 775 2847 vel
796 2776 907 2851 futuit.

538 2925 654 3001 xum.

138 3023 209 3088 Iam
230 3025 296 3090 nisi
317 3047 375 3110 per
397 3047 546 3095 somnum
568 3045 634 3091 non
656 3024 773 3109 aurigis
797 3028 830 3094 et
852 3022 928 3107 tibi,
950 3022 1069 3106 Maeui,

182 3111 302 3198 Incipit
324 3115 359 3181 in
380 3115 501 3187 medies
525 3112 642 3185 meiere
663 3135 763 3199 verpa
785 3112 896 3197 pedes,

138 3200 292 3274 Truditur
315 3205 348 3267 et
371 3202 482 3288 digitis
504 3223 671 3287 pannucea
693 3200 837 3271 mentula
860 3200 956 3273 laesis

182 3289 252 3355 Nee
274 3290 362 3355 levat
384 3289 562 3355 entinctum
585 3288 763 3353 sollicitata
785 3290 891 3371 caput.

111 3376 223 3453 etluid
246 3378 381 3443 miseros
399 3378 526 3443 vfrustra
549 3398 670 3441 cunnos
693 3376 847 3458 culosque
871 3375 1024 3439 lacessis?

183 3464 316 3531 Summa
338 3469 446 3550 petas:
468 3465 536 3535 illia
559 3465 703 3530 mentula
725 3463 806 3527 vivit
829 3484 917 3528 anus.

530 3613 662 3687 XLVII.

137 3709 255 3777 Omnia
277 3712 426 3778 femineis
448 3733 548 3797 quare
568 3711 690 3780 dilecta
712 3708 849 3776 cateruis

185 3799 308 3866 Balnea
331 3799 633 3871 devitaturum?
670 3797 723 3869 de
742 3797 869 3865 intexat.
