2408 4132
17 39 1198 75 ᾑ-

174 320 239 386 262
498 321 535 377 Μ.
554 321 637 378 VAL.
656 321 851 378 MARTIALIS

215 480 296 548 (lum
318 485 428 548 tamen
450 482 601 566 instaret,
623 482 745 567 „decies
769 483 850 550 mihi
872 484 956 550 dotis
979 485 1015 549 in
1036 506 1118 550 auro

260 569 386 655 Sponsa
407 569 518 636 dabis“
541 571 619 654 dixi3
641 571 736 656 „quid
759 572 866 637 minus
889 593 959 639 esse
981 574 1113 657 potest?

188 658 283 723 oNec
304 658 430 724 futuam
453 660 600 743 quamvis
622 659 727 744 prima
748 663 782 725 to
804 663 899 725 nocte
921 661 1072 745 maritus,

257 746 446 812 Communis
468 751 575 812 tecum
597 769 656 814 nec
679 747 760 813 mihi
782 749 884 813 lectus
908 748 983 831 orit3

214 832 482 920 Complectarque
505 857 624 918 meam,
642 856 700 903 neo
723 839 760 903 tu
783 836 984 920 prohibebis,
1003 838 1159 922 amicam,

257 922 419 989 Ancillam
442 923 553 990 mittes
577 927 610 989 st
633 923 712 988 mihi
734 923 822 991 iussa
843 929 942 990 tuam.

212 1010 258 1075 Te
282 1015 448 1095 spectante
472 1012 562 1076 dabit
583 1011 677 1076 nobis
700 1011 821 1076 lasciva
843 1013 990 1077 minister

171 1115 203 1164 10
257 1097 369 1183 Basia,
392 1099 459 1164 sive
483 1121 586 1183 meus,
610 1098 678 1165 sive
701 1099 762 1164 erit
783 1100 840 1164 ille
863 1103 947 1165 tuus.

211 1186 265 1252 Ad
287 1208 398 1253 cenam
420 1187 541 1270 venies,
564 1188 620 1252 sed
643 1187 691 1253 sic
712 1187 816 1255 divisa
837 1189 1017 1272 recumbes,

256 1273 303 1340 Ut
324 1298 392 1340 non
413 1279 591 1362 tangantur
612 1276 715 1361 pallia
736 1280 850 1343 nostra
872 1277 947 1345 tuis.

213 1361 330 1429 Oscula
352 1386 428 1428 rara
449 1363 542 1429 dabis
564 1364 658 1431 nobis
682 1367 715 1429 et
735 1386 802 1431 non
824 1365 916 1433 dabis
938 1364 1040 1450 ultro,

256 1450 324 1516 Nec
348 1452 441 1535 quasi
462 1457 566 1537 nupta
587 1451 693 1537 dabis,
715 1453 771 1516 sad
794 1452 887 1537 quasi
910 1455 1014 1521 mater
1037 1475 1129 1521 anus.

170 1555 203 1604 15
213 1537 247 1605 Si
269 1543 362 1625 potes
385 1541 450 1605 ista
471 1539 554 1624 pati,
577 1539 606 1605 si
627 1539 674 1605 nil
696 1539 838 1625 perferre
860 1562 1003 1624 recusas,

255 1625 402 1692 Invenies
425 1628 480 1712 qui
501 1630 535 1693 te
558 1626 684 1712 ducere,
708 1625 788 1712 Sila,
810 1628 916 1695 valit“

610 1746 719 1813 XXIV

211 1836 297 1902 Dum
319 1839 353 1901 te
376 1858 553 1921 prosequor
576 1841 609 1902 et
632 1837 762 1903 domum
785 1837 914 1923 reduco,

211 1923 333 1989 Aurem
356 1925 432 1990 dum
455 1925 517 1990 tibi
538 1930 669 2010 praesto
693 1926 863 2010 garrienti,

211 2013 256 2079 Et
279 2013 433 2098 quidquid
455 2014 598 2098 loqueris
619 2013 764 2098 facisque
787 2014 897 2098 laudo,

212 2101 299 2178 Quot
321 2124 432 2168 versus
455 2106 618 2188 poterant,
641 2100 790 2186 Labulle,
812 2102 914 2167 nascil

184 2189 281 2255 alico
303 2191 456 2256 damnum
478 2191 540 2255 tibi
561 2212 628 2255 non
650 2191 777 2255 videtur
800 2211 882 2273 osse,

212 2277 246 2343 Si
269 2280 354 2364 quod
377 2279 482 2344 Roma
504 2279 597 2364 legit,
619 2278 755 2363 requirit
777 2278 910 2362 hospes,

210 2366 286 2431 Non
309 2367 433 2432 deridet
455 2389 565 2451 eques,
587 2371 678 2433 tenet
699 2368 843 2450 senator,

210 2455 336 2520 Laudat
357 2455 550 2539 causidicus,
573 2461 671 2540 poeta
693 2454 810 2542 carpit,

210 2542 348 2625 Propter
369 2548 403 2609 te
424 2544 570 2627 perit-
589 2543 651 2610 hoc
672 2542 822 2625 Labulle,
844 2564 956 2613 verum
979 2545 1030 2615 est
1051 2546 1120 2612 -P

168 2630 282 2696 10Hoc
304 2630 474 2716 quisquam
494 2631 600 2697 ferat?
622 2636 660 2697 ut
681 2631 742 2698 tibi
764 2634 895 2699 tuorum

212 2715 262 2781 Sit
285 2718 388 2782 maior
409 2740 561 2785 numerus
583 2718 819 2805 togatulornnr,

212 2805 383 2871 Librorum
405 2805 484 2871 mihi
506 2808 550 2872 sit
572 2809 678 2873 minor
701 2807 867 2875 meorum?

211 2892 362 2979 Triginta
383 2914 484 2979 prope
505 2894 570 2961 ianr
593 2894 706 2963 diebus
729 2916 793 2961 una
816 2899 866 2966 eet

211 2980 315 3047 Nobis
337 2980 459 3067 pagina
481 2981 535 3047 vix
556 2987 697 3069 peracta.
735 2981 788 3051 Sic
810 2983 862 3069 fit,

169 3068 293 3136 rtGum
316 3091 430 3136 cenare
450 3069 539 3137 domi
561 3075 659 3157 posta
680 3092 747 3137 uon
769 3071 847 3137 vult

614 3184 716 3251 XXV.

209 3273 275 3338 Illa
298 3273 389 3339 salax
410 3273 547 3339 nimium
570 3295 629 3339 nac
651 3275 761 3359 paucis
783 3278 862 3341 nota
884 3274 1002 3360 puellis

256 3360 349 3428 Stare
371 3360 452 3428 Lino
476 3364 560 3428 desit
582 3364 735 3427 mentula.
772 3362 910 3449 Lingua,
933 3384 1020 3429 care.

609 3474 727 3542 XXVI.

202 3564 339 3632 Omilri
361 3569 461 3655 grata
483 3566 588 3655 quies,
608 3584 629 3635 o
652 3565 785 3651 blanda,
807 3564 1018 3652 Telesphoro,
1040 3589 1139 3657 cum,

239 3653 361 3732 Qualis
385 3657 422 3725 in
448 3658 607 3747 amplexu
626 3678 700 3725 nou
716 3654 784 3722 iiiut
802 3659 879 3721 suta
896 3674 989 3721 rosor
