2408 4132
88 426 130 489 26
413 425 451 479 Μ.
469 425 552 481 VAL.
571 423 652 479 MAR
690 423 768 535 ALLS

705 515 738 544 ψ

132 588 281 653 Gaudent
303 589 431 653 iocosae
455 582 563 652 Oanio‘
580 608 638 652 suo
662 573 781 671 (tides,
894 632 932 674 ι

88 693 121 741 10
175 677 323 741 Emerita
345 677 488 741 Deciano
511 698 597 740 meo:
849 674 911 801 ff(

131 764 189 845 I’e,
212 765 390 848 Liciniano,
413 764 609 850 gloriabitur
630 767 744 828 nostra

176 853 245 918 Nec
267 875 319 918 me
341 853 464 918 tacebit
486 851 626 916 Bilbilis.

491 963 493 967 ⁴
541 993 640 1057 nnn.

132 1098 231 1164 Casta
252 1122 313 1164 nec
336 1099 478 1183 antiquis
502 1101 615 1164 cedens
638 1099 781 1164 Laevina
803 1097 933 1164 Sabinis

175 1188 221 1251 Et
245 1189 391 1271 quamvis
414 1188 531 1252 tetrico
555 1188 680 1252 tristior
702 1189 775 1272 ipsa
796 1189 867 1252 viro

131 1276 217 1341 Dum
241 1276 337 1340 modo
360 1274 512 1359 Lucrino,
535 1277 631 1340 modo
655 1298 689 1340 se
712 1276 875 1359 permittit
896 1273 1039 1357 Averno,

175 1365 222 1428 Et
244 1365 319 1427 dum
342 1363 476 1428 Baianis
500 1386 594 1448 saepe
618 1364 745 1429 fovetur
768 1365 872 1448 aquia,

110 1452 250 1517 §incidit
272 1453 306 1515 in
329 1453 490 1516 flammas:
514 1454 726 1535 iuvenemque
749 1456 859 1516 secuta
882 1452 995 1516 relicto

175 1539 321 1624 Coniuge
344 1540 503 1624 Penelope
527 1543 628 1624 venit,
641 1542 722 1625 abit
744 1539 877 1604 Helene.

531 1681 646 1745 LXIII.

130 1786 177 1852 Ut
200 1787 332 1852 reoItem
354 1787 417 1851 tibi
438 1791 553 1852 nostra
575 1808 672 1872 rogas
697 1771 942 1872 epigrammata.
974 1786 1070 1853 Nolo.

174 1875 252 1939 Non
275 1875 399 1958 audire,
423 1873 528 1960 Oeler,
552 1876 608 1939 sed
630 1877 767 1939 recitare
790 1878 889 1960 cupis.

532 2015 646 2081 LXIV.

130 2120 226 2185 Bella
249 2143 297 2206 es,
319 2122 481 2200 novimus,
506 2124 539 2185 et
561 2122 681 2205 puella,
704 2144 815 2186 verum
839 2126 905 2207 est]
916 2116 919 2121 ’

130 2211 176 2274 Et
199 2210 300 2293 dives,
325 2211 396 2294 quis
420 2210 505 2274 enim
528 2213 638 2293 potest
659 2212 801 2296 negare?

79 2308 92 2347 -1'
133 2297 195 2362 Sed
219 2321 291 2362 oum
314 2303 348 2362 te
370 2299 521 2377 nimium,
544 2298 695 2383 Fabulla,
718 2300 845 2384 laudas,

130 2386 199 2451 Neo
223 2388 311 2452 dives
334 2409 438 2471 neque
461 2387 549 2451 bella
571 2409 630 2452 nec
652 2388 761 2473 puella
784 2410 828 2452 es.

540 2527 638 2592 LXV.

132 2631 213 2697 Oum
237 2633 301 2696 dixi
324 2634 416 2717 ficus,
439 2633 525 2697 rides
549 2633 643 2715 quasi
666 2634 807 2697 barbara
830 2635 928 2699 verba

175 2721 221 2784 Et
244 2721 306 2784 dici
329 2722 421 2804 ficos,
445 2720 638 2804 Caeciliano,
661 2721 761 2784 iubes.

48 2880 50 2884 ι
130 2808 282 2873 Dicemus
305 2809 397 2891 ficus,
422 2830 501 2892 quas
525 2809 644 2872 seimus
666 2809 701 2872 in
724 2810 838 2874 arbore
861 2811 964 2894 nasci,
990 2802 1017 2867 I*-

174 2895 325 2960 Dicemus
348 2896 440 2978 ticon,
464 2895 659 2981 Caeciliano,
682 2900 765 2962 tuos.

532 3036 647 3102 LXVI.

174 3144 289 3227 Erras,
312 3165 458 3208 meorum
480 3142 534 3207 fur
557 3166 651 3208 avare
674 3145 846 3230 librorum,

175 3231 261 3296 Fieri
284 3237 414 3315 poetam
437 3254 533 3314 posse
556 3233 611 3316 qui
633 3237 729 3316 putas
752 3234 851 3319 tanti,

177 3318 344 3405 Scriptura
368 3322 482 3403 quanti
505 3323 634 3385 constat
657 3325 689 3384 et
711 3325 819 3386 tomus
843 3322 935 3387 vilisr

175 3408 251 3473 Non
274 3431 330 3473 sex
353 3413 488 3492 paratur
511 3413 567 3473 aut
590 3409 698 3474 decem
722 3410 842 3494 sophos
864 3410 1014 3476 nummis.

105 3513 121 3561 5
177 3496 308 3562 Secreta
332 3519 448 3580 quaere
472 3497 614 3562 carmina
637 3502 670 3562 et
692 3498 786 3562 rudes
810 3520 917 3585 curas,

177 3587 264 3662 Quas
287 3587 380 3650 novit
402 3609 485 3650 unus
509 3587 689 3670 scrinioque
713 3586 858 3671 signatas
914 3636 917 3641 .

176 3673 327 3739 Custodit
349 3676 419 3759 ipse
442 3675 579 3761 virginis
602 3680 695 3757 pater
718 3676 863 3759 chartae,

175 3763 265 3836 Quae
289 3763 368 3828 trita
392 3763 473 3830 duro
495 3785 562 3830 non
583 3763 745 3829 inhorruit
767 3767 886 3830 mento.
