2408 4132
92 481 156 546 182
416 480 454 534 11.
472 479 556 535 VAL'.
573 477 771 532 MARTIALIS

133 641 211 708 Non
232 641 453 706 Athamanteo
476 641 585 743 potius
608 650 659 705 me
682 639 779 702 mirer
801 638 836 702 in
859 659 952 722 auro,

90 747 124 796 20
178 730 327 794 Aeolium
351 731 450 795 dones
473 730 502 795 si
523 729 604 794 mihi
609 726 771 812 ‚Phrixa
793 747 898 809 pecus

134 818 161 884 Ο
184 822 324 902 quantos
347 819 431 883 risus
455 818 577 917 pariter
599 818 746 908 spectata
768 814 911 880 movebit

177 907 259 973 Oum
281 899 432 971 Palatina
453 883 567 1008 nostra
589 892 718 970 lacernis
739 891 830 988 toga!

534 1053 652 1119 XXIX.

133 1153 283 1219 Disticha
307 1153 362 1236 qui
385 1152 512 1236 scribit,
534 1156 629 1236 puto,
651 1150 723 1214 vult
745 1150 905 1216 brevitate
928 1151 1067 1235 plaeere.

178 1241 261 1316 Quid
284 1242 417 1327 prodest
440 1241 595 1322 brevitas,
618 1238 669 1303 die
691 1238 785 1322 mihi,
808 1238 837 1302 si
858 1237 942 1302 liber
965 1239 1037 1303 est?

542 1390 643 1456 XXX.

134 1487 196 1564 Qui
218 1509 303 1552 nune
326 1484 502 1551 Caesareae
524 1485 614 1552 lusus
638 1489 802 1573 spectatur
824 1485 977 1570 harenae,

178 1575 391 1660 Temporibus
415 1575 507 1639 Bruti
530 1576 634 1660 gloria
658 1597 784 1639 summa
805 1573 876 1640 fuit.

2 1689 4 1692 ⁴
134 1664 278 1747 Aspicis,
300 1666 337 1727 ut
359 1666 469 1728 teneat
489 1663 637 1728 flammas
660 1684 826 1748 poenaque
848 1662 974 1727 fruatur

178 1752 286 1817 Fortis
311 1756 345 1816 et
368 1751 507 1815 attonito
530 1755 644 1835 regnet
665 1753 700 1815 in
722 1753 798 1834 igne
820 1753 946 1816 manus!

108 1840 208 1924 olpse
232 1840 281 1904 sui
304 1843 431 1922 spectat
432 1862 468 1904 or
491 1840 583 1904 adest
605 1842 637 1903 et
659 1840 768 1905 nobile
792 1839 922 1905 dextrae

177 1927 287 1992 Ibrnus
312 1931 413 1992 amat:
435 1928 515 1992 totis
538 1929 682 2013 pasoitur
704 1927 763 1992 illa
787 1928 899 2012 sacris3

136 2017 226 2093 Quod
248 2015 313 2081 nisi
334 2019 429 2099 rapta
450 2015 536 2081 foret
557 2016 681 2080 nolenti
704 2037 821 2101 poena,
844 2015 982 2100 parabat

179 2103 343 2170 Saevior
334 2127 369 2168 m
391 2104 526 2169 lassos'
516 2127 564 2168 1re
587 2104 720 2169 sinistra
741 2103 842 2169 focos

135 2192 222 2258 Scire
245 2193 336 2278 piget
359 2197 435 2275 post
451 2193 519 2257 tale
543 2193 652 2278 decus,
676 2192 753 2276 quid
775 2193 950 2256 feeeritan

92 2298 124 2347 ιο
178 2280 281 2357 Quam
304 2281 384 2365 vidi,
408 2285 459 2346 sat
460 2281 488 2346 is
512 2285 561 2346 est
582 2281 665 2347 hane
687 2280 768 2345 mihi
790 2302 885 2346 nosse
908 2303 1050 2347 manum.

535 2408 653 2486 xxti.

132 2520 250 2586 Nescio
274 2519 350 2603 quid
374 2519 413 2583 de
434 2524 468 2584 te
490 2540 556 2583 non
578 2520 675 2603 belle,
698 2519 819 2597 Dente,
841 2518 969 2602 fateris,

178 2608 323 2693 Coniuge
347 2609 402 2691 qui
426 2608 553 2672 duet'a
543 2630 615 2670 rura
636 2611 774 2693 paterna
795 2608 896 2692 petis.

134 2695 228 2761 Sed
218 2719 284 2761 ram
308 2696 506 2796 supplicibus
530 2695 695 2760 dominum
717 2695 839 2760 lassare
861 2695 983 2761 libellis

177 2785 298 2848 Desine
321 2785 384 2848 et'
375 2806 410 2846 1n
432 2784 573 2868 patriam
596 2806 686 2848 serus
710 2784 750 2848 ab
773 2784 852 2848 urbe
874 2785 957 2850 redi.

106 2872 219 2936 5Nam
243 2872 318 2935 dum
341 2875 378 2935 tu
400 2870 498 2954 longe
522 2873 648 2936 deserta
670 2894 769 2937 uxore
792 2872 910 2955 diuque

177 2960 257 3024 Tres
280 2959 407 3042 quaeris
430 2964 538 3043 natoS,
562 2963 715 3042 quattuor
738 2960 890 3027 invenies.

524 3100 659 3165 XXXII.

133 3196 221 3261 Ae'ra
243 3219 300 3279 per
322 3196 456 3260 tacitum
480 3196 613 3279 delapsa
628 3190 777 3262 ¹sedentis
800 3199 835 3263 in
856 3199 945 3284 ipsos

177 3283 288 3349 Fluxit
309 3285 479 3348 Aretullae
501 3286 621 3350 blanda
644 3287 795 3352 columba
817 3287 916 3351 sinus.

133 3372 270 3438 Luserat
292 3373 354 3437 hoe
377 3395 483 3457 casus,
506 3375 570 3439 nisi
592 3374 801 3440 inobservata
823 3377 968 3440 maneret

176 3459 400 3544 Permissaque
424 3461 487 3525 sibi
509 3463 612 3527 nollet
634 3464 723 3527 abire
745 3463 833 3546 fuga.

107 3548 169 3615 581
191 3549 326 3614 meliora
349 3550 421 3632 piae
443 3549 493 3614 fas
518 3555 568 3615 est
590 3573 719 3636 sperare
742 3553 845 3619 sorori

176 3638 223 3702 Et
246 3638 410 3703 dominum
434 3639 545 3704 mundi
567 3639 694 3704 fleatere
716 3645 794 3706 vota
816 3640 941 3725 valent,

129 3726 221 3792 Haeo
244 3748 265 3792 a
288 3725 417 3792 Sardois
441 3728 503 3792 tibi
525 3727 664 3792 forsitan
686 3727 1077 3894 arufiam·

160 3814 284 3882 Fratre
307 3839 496 3907 reversuro,
517 3817 635 3885 nuntia
654 3817 746 3884 uenit
767 3815 815 3881 a’
