2408 4132
369 760 415 835 Μ.
442 759 548 834 vlu.
575 759 835 832 MARTIALIS

304 933 907 1032 EPIGRAMMATON

515 1125 647 1190 ciana
670 1126 695 1190 1.

169 1299 268 1387 Spero
282 1322 334 1365 me
349 1304 493 1365 secutum
508 1303 542 1365 in
555 1302 677 1365 libellis
696 1303 776 1366 meis
790 1302 856 1366 tale
873 1305 1106 1386 temperamen-

101 1395 186 1475 tum,
208 1395 245 1455 ut
268 1390 306 1454 de
329 1389 397 1452 illis
417 1389 509 1473 queri
530 1412 595 1455 non
613 1391 718 1472 possit
737 1390 882 1474 quisquis
906 1390 944 1453 dc
968 1388 1106 1454 se'bcne

102 1481 253 1561 senserit,
272 1500 344 1543 cum
363 1478 455 1542 salva
473 1479 657 1542 infimarum
680 1500 806 1563 quoquo
825 1499 1037 1563 personarum
1057 1499 1106 1542 re-

102 1567 248 1632 verentia
262 1565 389 1650 ludant3
404 1588 486 1649 quae
501 1567 579 1631 adeo
595 1567 737 1650 antiquis
751 1567 937 1631 auctoribus
951 1566 1061 1648 defuit,
1071 1569 1107 1629 ut

75 1655 287 1720 anominibua
305 1676 371 1719 non
390 1658 518 1718 tantum
533 1655 618 1719 veris
637 1655 731 1719 abusi
749 1655 825 1738 siut,
844 1654 950 1719 sedet
970 1655 1106 1739 magnis.

102 1743 184 1808 Mihi
202 1743 291 1807 fama
304 1742 401 1807 vilius
417 1746 543 1807 constet
561 1746 595 1807 et
611 1744 767 1826 probetur
780 1744 815 1807 in
831 1765 882 1806 me
895 1743 1106 1807 novissimum

102 1831 277 1917 ingenium.
299 1829 397 1894 Absit
416 1853 435 1894 a
453 1832 596 1895 iocorum
615 1835 800 1895 nostrorum
819 1831 1026 1914 simplicitate
1041 1853 1106 1894 ma·

101 1919 215 2002 lignus¹
223 1919 382 2002 interpres
394 1941 454 1983 nec
468 1920 705 2002 epigrammata
718 1942 790 1983 mea
806 1919 939 1984 scribat:
959 1919 1105 2003 improbe

102 2006 181 2071 facit
201 2006 256 2090 qui
273 2006 308 2070 in
326 2005 430 2070 alieno
449 2007 534 2071 libro
554 2007 742 2089 ingeniosus
761 2011 819 2071 est.
851 2006 1019 2071 Lascivam
1038 2028 1105 2071 ver·

60 2111 93 2159 10
103 2095 220 2159 borum
238 2094 423 2177 veritatem,
441 2095 474 2158 id
493 2099 543 2158 est
561 2095 816 2178 epigrammaton
837 2095 998 2178 linguam,
1016 2116 1106 2158 excu-

103 2205 219 2264 sarem,
228 2183 256 2246 si
270 2205 377 2246 meum
391 2186 477 2246 esset
492 2183 688 2265 exemplum:
702 2184 747 2247 sio
762 2182 876 2247 scribit
891 2181 1047 2265 Catullus
1061 2182 1107 2247 sic

102 2269 241 2352 Marsus,
260 2271 306 2335 sic
319 2270 415 2352 Pedo,
434 2271 480 2334 sie
494 2269 690 2353 Gaetuliam,
709 2271 754 2334 sic
773 2271 953 2354 quicunque
971 2270 1107 2354 perlegi·

102 2362 164 2423 tur.
201 2356 236 2422 si
254 2359 324 2443 quis
344 2363 454 2422 tamen
471 2362 541 2423 tam
560 2359 731 2424 ambitiose
749 2359 854 2423 tristis
878 2362 941 2441 est,
963 2362 1001 2423 ut
1022 2358 1107 2443 apud

102 2446 197 2510 illum
213 2447 247 2510 in
259 2446 351 2511 nulla
364 2447 485 2532 pagina
498 2447 598 2511 latine
612 2448 702 2532 loqui
715 2448 766 2511 fas
781 2446 833 2530 sit,
847 2450 955 2530 potest
969 2446 1108 2529 epistola
1198 2489 1203 2499 ·

60 2551 91 2600 15
104 2534 155 2599 vel
169 2534 279 2619 potius
292 2534 390 2599 titulo
406 2539 574 2600 contentus
590 2557 668 2600 esse.
687 2535 936 2621 Epigrammata
948 2534 1016 2599 illis
1032 2536 1106 2600 seri-

103 2623 237 2706 buntur,
256 2622 311 2706 qui
330 2622 438 2687 solent
461 2628 607 2708 spectare
625 2623 779 2688 Florales
812 2621 888 2689 Non
905 2623 1006 2688 intret
1024 2622 1107 2689 Oato

101 2711 268 2775 theatrum
287 2732 403 2794 meum,
422 2716 479 2775 aut
498 2712 526 2775 si
543 2712 722 2793 intraverit,
737 2714 869 2796 spectet.
893 2711 1013 2776 Videor
1028 2711 1107 2776 mihi

102 2821 175 2863 meo
194 2799 261 2863 iure
278 2798 434 2877 facturus,
453 2801 481 2863 si
500 2800 673 2884 epistolam
691 2800 837 2865 versibus
857 2800 995 2864 clusere:

147 2956 268 3022 Nosses
288 2957 416 3022 iocosae
440 2960 531 3023 dulce
554 2981 626 3022 cum
650 2981 777 3023 sacrum
799 2957 914 3023 Florae

148 3045 324 3129 Festosque
346 3048 436 3110 lusus
460 3050 493 3110 ct
514 3047 680 3111 licentiam
703 3047 807 3132 vulgi,

149 3131 214 3198 Our
235 3133 269 3197 in
291 3134 468 3217 theatrum,
492 3133 572 3200 Cato
596 3156 719 3212 severe,
741 3135 881 3199 venisti?

148 3222 202 3286 An
222 3221 293 3285 idco
318 3225 446 3286 tantum
469 3244 617 3306 veneras,
639 3226 677 3286 ut
698 3223 822 3286 exires?

595 3364 619 3429 I.

236 3469 298 3533 Hic
321 3473 371 3533 est
395 3491 489 3553 quem
511 3470 592 3554 legis
615 3470 685 3554 ille,
710 3491 803 3553 quem
826 3469 976 3553 requiris,

238 3556 321 3622 Toto
344 3561 440 3622 notus
463 3558 497 3621 in
521 3559 597 3623 orbe
621 3558 783 3624 Martialis

232 3644 370 3731 Argutis
393 3647 665 3738 epigrammaton
681 3649 828 3718 libellisx
