2408 4132
17 39 1128 243 ⁴*-

92 479 158 544 220
417 479 454 533 Μ.
473 476 555 533 Vra.
574 476 773 533 MARTIALIS

522 638 665 704 LXXXI.

136 744 253 810 Lector
275 750 309 810 et
331 744 459 809 auditor
480 749 557 810 nost
558 767 612 810 ros
635 744 765 896 probatt,
738 743 886 827 t,Aulc
908 745 1054 831 libellos,

181 832 243 898 Sed
266 833 398 916 quidam
421 837 550 898 exactos
574 853 644 897 esse
665 837 742 916 poet
744 854 764 897 a
784 796 892 919 negati

135 920 211 986 Non
232 921 367 985 nimium
390 943 481 985 curo·
503 943 577 984 nam
600 942 696 986 cenae
718 920 841 986 fercula
862 925 995 987 nostrae

180 1009 291 1074 Malim
315 1009 457 1075 convivis
481 1031 578 1092 quam
600 1009 760 1094 placuisse
783 1010 876 1076 cocis.

514 1148 676 1214 LXXXII.
723 1176 726 1184 ·

135 1256 272 1321 Dixerat
294 1255 479 1338 astrologus
502 1257 682 1339 periturum
704 1258 738 1319 te
761 1255 838 1338 cito,
860 1255 995 1340 Munna,

182 1343 261 1428 Neo,
284 1347 376 1427 puto,
400 1343 554 1409 mentitus
578 1344 703 1408 dixerat
725 1343 782 1407 ille
804 1344 875 1408 tibi.

136 1432 223 1498 Nam
246 1437 283 1497 tu
305 1433 380 1496 dum
403 1433 533 1516 metuis,
555 1432 691 1516 nequid
713 1435 790 1516 post
810 1431 881 1497 fata
902 1433 1081 1519 relinquas,

181 1520 328 1585 Hausisti
350 1521 474 1604 patrias
497 1521 680 1585 luxuriosus
704 1541 795 1605 opes,

111 1608 258 1693 cBisque
280 1613 373 1672 tuum
396 1608 499 1672 decies
522 1630 589 1673 non
610 1612 681 1672 toto
704 1608 812 1673 tabuit
836 1629 934 1675 anno:

181 1697 242 1762 Dic
265 1696 356 1774 mihi,
378 1717 444 1760 non
466 1696 528 1761 hoc
550 1700 612 1779 est,
635 1695 771 1780 Munna,
792 1698 899 1782 parire
922 1697 1010 1762 cito?

507 1852 687 1920 LXXXIII.

138 1959 229 2025 Inter
251 1962 344 2024 tanta
365 1962 440 2024 tuae
462 1960 633 2043 miracula,
655 1957 787 2042 Caesar,
809 1959 963 2045 harenae,
1055 1966 1057 1970 ’

185 2048 274 2124 Quae
297 2048 399 2125 vincit
419 2050 565 2112 veterum
589 2069 723 2112 munera
745 2050 833 2114 clara
855 2049 984 2134 ducum,

139 2137 280 2201 Multum
304 2135 401 2214 oculi,
425 2136 481 2200 sed
503 2136 577 2221 plus
600 2157 694 2201 aures
717 2136 832 2201 debere
854 2137 1000 2203 fatentur

185 2223 225 2290 Se
248 2224 323 2309 tibi,
346 2224 432 2309 quod
455 2228 603 2309 spectant
626 2225 681 2308 qui
703 2225 838 2290 recitare
861 2226 975 2291 solent.

513 2381 687 2448 LXXXIV.

140 2488 221 2556 Cum
243 2494 300 2555 tua
323 2490 498 2575 sacrilegos
522 2494 647 2571 contra,
670 2487 836 2573 Norbana,
858 2487 985 2556 furores

185 2577 374 2663 Staret'pro
397 2578 527 2643 domino
546 2576 684 2642 Caesare
707 2581 820 2642 saneta
840 2577 934 2662 fides,

139 2665 229 2731 Haec
253 2688 313 2751 ego
336 2665 442 2730 Pieria
465 2667 615 2731 ludebam
637 2669 727 2730 tutus
750 2665 785 2729 in
807 2665 938 2751 umbra,

184 2755 245 2818 Ille
268 2761 343 2818 tuae
366 2754 473 2819 cultor
494 2758 590 2819 notus
613 2753 783 2818 amicitiae.

115 2842 193 2906 oMe
216 2842 278 2906 tibi
300 2840 475 2906 Vindelicis
498 2842 621 2906 Raetus
643 2841 799 2906 narrabat
821 2843 856 2906 in
878 2843 959 2926 oris,

185 2928 303 2994 Nescia
324 2951 384 2994 nec
405 2931 510 2993 nostri
532 2930 672 2993 nominis
697 2929 814 2994 Arctos
837 2935 919 2994 erat:

43 3064 46 3073 ·
142 3017 168 3082 0
193 3018 343 3102 quotiens
365 3020 508 3082 veterem
529 3038 596 3081 non
618 3017 777 3082 infitiatus
797 3019 935 3083 amicum

185 3105 304 3169 Dixisti
325 3104 436 3190 „Meus
459 3108 509 3169 est
532 3105 594 3169 iste
616 3110 726 3190 poeta,
751 3106 872 3170 meusl“

142 3194 244 3259 Omne
267 3193 327 3259 tibi
350 3197 499 3258 nostrum
522 3194 614 3279 quod.
630 3193 680 3258 bis
703 3194 869 3259 trieteride
891 3194 1002 3261 iuncta
1088 3205 1090 3210 '

101 3300 131 3348 10
188 3284 274 3346 Ante
297 3282 397 3347 dabat
419 3282 534 3366 lector,
557 3304 643 3347 nunc
666 3281 758 3347 dabit
781 3287 893 3348 auctor
916 3303 1007 3367 opus.

523 3439 681 3506 LXXXV.

141 3547 341 3633 Languidior
363 3549 475 3612 noster
499 3547 527 3611 si
551 3546 678 3631 quando
702 3551 752 3611 est
774 3546 908 3632 Paulus,
932 3547 1030 3633 Atili,
1059 3627 1061 3631 Ι

186 3635 261 3701 Non
284 3657 331 3718 se,
354 3636 505 3701 convivas
530 3636 673 3700 abstinet
696 3636 753 3700 ille
777 3658 860 3700 suos.

143 3724 193 3789 Tu
215 3724 371 3809 languora
395 3725 523 3807 quidem
547 3724 656 3788 subito
679 3724 818 3808 fictoque
841 3723 985 3810 laboras,

174 3810 244 3879 Sed
263 3836 340 3881 mea
362 3814 512 3902 porrexit
535 3812 700 3902 sportula,
716 3811 836 3894 Paule,
852 3812 964 3892 pedes.
