2408 4132
348 336 640 393 EPIGRAMMATON
657 337 725 393 LIB.
743 339 789 393 III.
1029 337 1072 400 If)

109 499 214 564 Vinea
237 499 323 583 quod
345 500 457 582 primis
481 522 555 564 cum
577 500 672 564 floret
695 521 776 564 cana
798 500 947 582 racemis,

154 587 310 652 Gramina
334 588 419 670 quod
441 587 601 670 redolent,
626 609 707 671 quae
730 587 826 652 modo
846 588 966 670 carpsit
988 587 1070 671 ovis3

82 676 203 751 eQuod
221 679 360 756 myrtus,
375 676 460 759 quod
474 697 599 740 messor
614 676 734 758 Arabs,
749 675 835 758 quod
849 677 959 740 sucina
978 677 1070 759 trita,

152 763 298 829 Pallidus
321 763 391 828 Eoo
415 767 486 827 ture
510 764 596 847 quod
618 764 704 848 ignis
728 763 809 841 olet;
895 784 901 788 ‘¹

109 850 212 917 Gleba
235 851 321 936 quod
344 851 468 916 aestivo
492 852 608 917 leviter
630 874 703 916 cum
727 852 891 936 spargitur
914 852 1030 934 imbre,

155 939 248 1016 Quod
270 940 417 1004 madidas
440 941 541 1005 nardo
564 962 663 1024 passa
685 962 806 1005 corona
828 961 951 1004 comas:

108 1030 180 1095 Hoc
204 1033 275 1111 tua,
298 1050 392 1093 saeve
416 1049 496 1111 puer
518 1027 733 1110 Diadumene,
756 1028 850 1092 basia
872 1028 1030 1112 fragrant.

46 1135 98 1182 ¹10
153 1115 248 1200 Quid,
273 1116 301 1180 si
323 1120 395 1181 tota
418 1115 510 1180 dares
533 1117 590 1180 illa
613 1117 683 1180 sine
706 1116 849 1180 invidia?

511 1256 625 1322 LXVI.

110 1353 174 1418 Par
197 1355 300 1418 scelus
325 1353 457 1417 admisit
480 1350 607 1417 Phariis
631 1354 792 1419 Antonius
817 1355 929 1418 armis:

153 1442 304 1507 Abscidit
327 1441 435 1506 vultus
459 1442 545 1506 ensis
568 1445 703 1527 uterque
727 1464 844 1507 sacros.

108 1530 209 1613 Illud,
232 1529 413 1615 laurigeros
437 1551 550 1616 ageres
575 1552 647 1595 oum
670 1531 759 1595 laeta
781 1529 977 1614 triumphos,

152 1618 224 1683 Hoc
246 1618 321 1699 tibi,
344 1617 462 1696 Roma,
484 1623 594 1702 eaput,
617 1641 690 1683 cum
714 1618 904 1701 loquereris,
927 1621 1003 1682 erat.

83 1707 234 1771 5Antoni
257 1710 366 1769 tamen
391 1709 441 1769 est
463 1707 567 1790 peior,
590 1729 686 1790 quam
710 1728 807 1771 causa
829 1705 975 1771 Pothini:

153 1794 216 1860 Hic
238 1794 364 1858 facinus
388 1793 517 1859 domino
541 1795 719 1878 praestItit,
742 1795 798 1859 ille
822 1794 894 1859 sibi.

502 1934 633 1999 LXVII.

110 2031 266 2115 Cessatis,
289 2031 394 2116 pueri,
416 2031 560 2115 nihilque
582 2032 701 2116 nostis,

107 2119 252 2185 Vaterno
276 2120 461 2203 Rasinaque
483 2119 657 2204 pigriores,

109 2209 251 2283 Quorum
274 2231 333 2292 per
354 2209 439 2273 vada
461 2207 554 2272 tarda
576 2210 768 2293 navigantes

109 2296 231 2361 Lentos
254 2297 382 2381 tingitis
408 2296 449 2361 ad
472 2297 614 2360 celeuma
636 2316 752 2359 remos.

81 2386 178 2449 elam
201 2406 304 2469 prono
327 2384 533 2449 Phaethonte
557 2383 652 2448 sudat
674 2383 806 2448 Aethon

108 2473 303 2556 Exarsitque
327 2473 409 2556 dies,
432 2476 465 2537 et
486 2473 569 2538 hora
591 2474 697 2536 Iassos

108 2561 306 2645 Interiungit
329 2583 428 2646 equos
452 2561 636 2625 meridiana.

108 2649 155 2713 At
177 2671 235 2714 vos
258 2653 328 2713 tam
350 2649 495 2733 placidas
517 2649 595 2734 vagi
617 2671 676 2733 per
698 2647 800 2712 undas

108 2738 191 2802 Tuta
214 2737 326 2802 luditis
350 2737 453 2802 otium
476 2737 593 2802 carina.

64 2824 183 2891 10Non
205 2829 322 2890 nautas
345 2830 425 2910 puto
447 2848 520 2905 vos,
544 2825 600 2890 sed
622 2824 841 2909 Argonautas.

492 2957 640 3023 LXVIII.

107 3055 179 3120 Huc
203 3059 252 3119 est
275 3077 376 3138 usque
399 3055 461 3119 tibi
485 3055 639 3138 scriptus,
663 3057 826 3134 matrona,
849 3052 988 3116 libellus.

151 3142 210 3209 Cui
234 3145 300 3207 sint
324 3143 461 3226 scripta,
484 3164 595 3228 rogas,
618 3141 796 3206 interiora?
822 3140 911 3204 mihi.

107 3230 334 3315 Gymnasium,
348 3231 508 3315 thermae,
522 3231 663 3295 stadium
679 3233 728 3293 est
747 3229 808 3293 hao
825 3232 931 3311 parte:
950 3228 1069 3293 recede.

150 3320 324 3384 Eruimur:
346 3319 451 3384 nudos
473 3340 570 3403 parce
594 3318 702 3383 videre
725 3317 821 3382 viros.

80 3407 192 3472 5Hinc
214 3409 280 3472 iam
303 3408 450 3492 deposito
474 3411 551 3492 post
573 3408 649 3472 vina
672 3427 826 3488 rosasque
850 3405 984 3489 pudore,

151 3496 234 3571 Quid
259 3496 358 3579 dicat,
381 3496 484 3561 result
507 3495 617 3560 saucia
639 3493 865 3578 Terpsichore:

106 3583 275 3650 Schemate
298 3606 357 3649 nec
382 3585 495 3668 dubio,
519 3583 574 3648 sed
598 3587 709 3666 aperte
731 3583 880 3646 nominat
902 3580 1010 3660 illam„

150 3672 252 3748 Quam
274 3673 393 3759 recipr't
415 3676 509 3741 sexto
533 3694 648 3742 mense
672 3671 821 3759 sunerha
834 3669 979 3748 denus,
