2408 4132
371 429 664 487 EPIGRAMMATON
682 433 748 489 LIB.
768 435 814 491 IX.
1033 439 1097 504 209

138 589 254 655 Omnia
276 591 474 676 perdiderat,
497 594 525 658 si
548 596 770 662 masturbatus
793 602 928 683 uterque

182 678 375 746 Mandasset
391 681 541 746 manibus
566 684 685 767 gaudia
706 684 802 750 foeda
825 687 901 751 suis.

138 766 247 850 Ipsam
271 769 362 834 crede
385 770 447 834 tibi
469 773 622 836 naturam
644 771 748 837 dicere
770 795 892 839 rerum:
1023 784 1025 790 ’

96 871 128 920 10
180 855 291 941 „Istud
314 858 399 942 quod
422 858 546 944 digitis,
565 859 711 945 Pontice,
733 862 856 946 perdis,
879 864 989 930 homo·
1002 864 1079 929 est.“

547 989 646 1055 XLII.

139 1084 269 1171 Campis
293 1086 380 1153 dives
404 1086 524 1170 Apollo
548 1088 594 1152 sic
615 1087 765 1173 Myrinis,

139 1172 192 1239 Sic
215 1197 341 1258 semper
365 1175 494 1239 senibus
517 1175 625 1240 fruare
649 1179 775 1263 cygnis,

138 1262 261 1327 Doctae
285 1264 331 1328 sio
353 1263 416 1327 tibi
439 1263 581 1328 serviant
605 1286 744 1350 sorores,

94 1396 98 1404 -
137 1350 205 1415 Neo
227 1351 364 1434 Delphis
388 1355 445 1416 tua
468 1353 644 1417 mentiatur
665 1354 739 1438 ulli,

111 1436 190 1503 osio
213 1439 340 1504 Palatia
362 1443 395 1504 te
419 1441 527 1504 colant
550 1445 735 1526 amentque:

137 1526 193 1590 Bis
218 1548 312 1592 senos
336 1529 400 1594 oito
424 1533 457 1592 te
479 1533 616 1615 rogante
639 1531 743 1595 fasces

136 1614 201 1678 Det
225 1613 345 1680 Stellae
368 1617 472 1681 bonus
496 1619 680 1703 annuatque
704 1615 831 1686 Caesar.

136 1701 227 1766 Felix
249 1708 326 1770 tunc
349 1726 410 1790 ego
434 1705 621 1790 debitorque
643 1709 713 1772 voti

137 1790 296 1856 (lasarum
319 1792 381 1857 tibi
403 1794 543 1859 rusticas
567 1795 608 1859 ad
631 1817 704 1860 aras
811 1817 814 1823 ’

96 1896 126 1943 ιο
137 1879 261 1944 Ducam
285 1881 434 1946 cornibus
459 1884 565 1949 aureis
589 1883 768 1950 iuvencum.

136 1966 224 2032 Nata
247 1974 297 2034 est
318 1969 439 2053 hostia,
461 1968 605 2056 Phoebe,
630 1973 706 2057 quid
729 1973 888 2038 moraris?

534 2110 651 2178 XLIII.

136 2206 198 2273 Hic
221 2208 275 2292 qui
298 2207 379 2272 dura
402 2207 515 2272 sedens
538 2211 686 2291 porrecto
712 2231 789 2272 saxa
812 2210 903 2274 leone

180 2295 324 2381 Mitigat,
347 2296 463 2381 exiguo
487 2317 623 2380 magnus
646 2297 681 2360 in
704 2318 777 2361 aero
801 2298 892 2381 deus,

137 2384 288 2468 Quaeque
311 2385 401 2469 tulit,
425 2388 552 2468 spectat
574 2385 724 2468 resupino
749 2385 855 2450 sidera
877 2387 983 2465 vultu,

180 2471 278 2538 Cuius
302 2474 395 2537 laeva
418 2473 502 2537 calet
524 2472 654 2557 robore,
677 2473 790 2537 dextra
813 2495 914 2537 mero:

109 2559 211 2625 sNon
234 2566 283 2625 est
305 2560 393 2625 fama
416 2583 526 2626 recens
549 2582 608 2627 neo
629 2560 734 2625 nostri
757 2561 864 2647 gloria
887 2563 981 2646 caeli;

180 2648 299 2714 Nobile
321 2648 456 2734 Lysippi
480 2670 596 2714 munus
619 2671 763 2734 opusque
785 2649 882 2714 vides.

135 2737 207 2802 Hoc
227 2738 343 2802 habuit
365 2760 485 2803 numen
508 2738 629 2803 Pellaei
651 2759 763 2802 mensa
786 2739 930 2823 tyranni,

180 2825 241 2901 Qui
264 2827 329 2892 cito
352 2827 534 2910 perdomito
556 2827 716 2892 victorin
740 2828 817 2891 orbe
840 2827 936 2912 iacet3

135 2913 229 2979 Hunc
251 2937 332 3000 puer
353 2915 394 2979 ad
416 2913 554 2999 Libycas
576 2916 740 2981 iuraverat
761 2914 927 2981 Hannibal
951 2940 1037 3001 aras,

92 3020 125 3068 ιο
179 3003 323 3068 Iusserat
345 3003 400 3068 hic
422 3002 546 3069 Sullam
570 3025 688 3088 ponere
711 3024 811 3088 regna
833 3008 966 3071 trucem.

136 3090 284 3156 Offensus
306 3092 416 3157 variae
439 3093 573 3157 tumidis
596 3093 774 3157 terroribus
799 3094 891 3158 aulae

180 3181 328 3245 Privatos
353 3179 473 3266 gaudet
493 3203 578 3246 nunc
601 3182 749 3246 habitare
773 3182 871 3264 laresr,

134 3266 244 3352 thue
266 3269 329 3333 fult
352 3270 514 3353 quondam
536 3270 656 3354 placidi
680 3270 814 3334 conviva
836 3269 1010 3354 Molorchi,

180 3357 232 3421 uie
255 3357 358 3423 voluit
381 3358 467 3422 docti
489 3357 636 3422 Vindicis
661 3379 729 3422 esse
753 3359 840 3422 deus.

535 3498 649 3563 XLIV.

135 3595 264 3660 Alcides
287 3596 384 3661 modo
408 3595 576 3660 Vindicem
598 3597 756 3682 rogabam

133 3683 231 3747 Esset
255 3686 344 3750 cuius
368 3706 448 3768 opus
472 3684 628 3769 laborque
650 3685 738 3748 felix.

133 3771 233 3856 Risit,
256 3795 333 3839 nam
355 3773 439 3839 solet
461 3772 538 3860 hoc,
560 3773 689 3859 leuique
709 3773 798 3839 nutu

133 3883 215 3926 asnar.
872 3879 915 3929 rb
