2408 4132
90 431 133 492 74
420 429 457 483 IL
476 429 556 484 VAL.
575 428 772 484 MARTIALIS

543 591 644 656 LXII.

134 696 287 763 Centenis
311 698 397 781 quod
420 698 500 762 emis
523 719 640 782 pueros
663 702 697 761 et
719 719 815 780 saepe
838 696 982 779 ducenis,

178 786 270 861 Quod
293 787 354 850 sub
377 807 453 870 rege
475 784 586 849 Numa
609 786 739 851 condita
762 786 837 848 vina
859 785 957 868 bibis,

134 873 226 949 Quod
248 879 377 939 constat
400 874 504 938 decies
527 874 589 937 tibi
610 895 677 939 non
700 874 845 958 spatiosa
869 873 1029 957 supellex,

179 963 278 1027 Libra
302 963 387 1047 quod
410 964 538 1047 argenti
561 963 652 1026 milia
674 964 814 1046 quinque
836 960 938 1045 rapit,

108 1051 243 1114 eAurea
265 1051 352 1134 quod
374 1050 466 1114 fundi
488 1051 594 1134 pretio
617 1072 752 1116 carruca
773 1053 921 1133 paratur,

178 1137 271 1214 Quod
293 1138 397 1222 pluris
420 1139 510 1202 mula
532 1145 596 1221 est,
619 1161 716 1222 quam
735 1138 849 1203 domus
867 1140 978 1220 empta
1000 1138 1079 1203 tibi:

134 1226 224 1291 Haec
247 1229 353 1291 animo
376 1248 496 1312 magno
521 1228 624 1291 credis
647 1233 693 1310 te,
717 1226 849 1308 Quinte,
871 1226 1009 1308 parare?

178 1314 329 1379 Falleris:
351 1315 431 1378 haec
454 1316 593 1396 animus,
615 1313 747 1400 Quinte,
769 1314 906 1397 pusillus
930 1315 1019 1379 emit

537 1455 657 1520 LXIII.

137 1558 255 1644 Cotile,
278 1561 384 1625 bellus
407 1562 505 1627 homo
528 1583 576 1626 es:
600 1562 711 1627 dicunt
732 1562 805 1645 hoc,
824 1558 944 1644 Ootile,
967 1562 1075 1627 multi.

180 1648 299 1713 Audio:
323 1650 379 1713 sed
402 1649 479 1734 qnid
502 1650 558 1734 sit,
582 1650 632 1714 dic
655 1650 750 1735 mihi,
773 1649 878 1714 bellus
901 1649 1010 1723 homo.

136 1735 264 1819 „Bellus
287 1738 384 1802 horno
409 1743 471 1821 est,
489 1738 590 1802 flexos
609 1739 665 1820 qui
688 1738 805 1822 digerit
823 1737 935 1803 ordine
958 1740 1078 1824 criues,

180 1822 334 1889 Balsama
357 1826 413 1908 qui
436 1847 575 1909 semper,
598 1827 747 1891 cinnama
770 1847 896 1909 semper
919 1826 999 1910 olet3

111 1909 271 1976 anntica
294 1913 350 1996 qui
372 1913 457 1998 Nili,
480 1914 535 1997 qui
558 1913 720 1978 Gaditana
743 1917 904 1998 susurrat,

181 1997 243 2074 Qui
266 2006 375 2065 movet
398 2003 433 2065 in
455 2002 562 2066 varios
585 2002 718 2066 brachia
741 2003 833 2067 volsa
856 2002 983 2086 m0d0s;

137 2087 227 2151 Inter
248 2090 405 2154 femineas
427 2093 498 2154 tota
521 2090 576 2174 qui
597 2092 668 2155 luce
692 2091 861 2155 cathedras

181 2176 314 2242 Desidet
336 2182 432 2261 atque
455 2179 564 2263 aliqua
588 2201 714 2264 semper
736 2179 771 2242 in
794 2200 870 2243 aure
893 2181 1002 2262 sonat,

138 2263 199 2339 Qui
221 2265 303 2350 legit
325 2266 401 2330 hine
423 2267 515 2332 illinc
538 2267 655 2331 missas
679 2268 855 2350 scribitque
878 2267 1032 2353 tabellas,

95 2367 127 2415 10
180 2351 287 2418 Pallia
308 2355 406 2419 vicIni
430 2356 486 2439 qui
508 2356 629 2440 refugit
653 2357 767 2441 cubiti3

137 2438 199 2514 Qui
222 2442 297 2526 scit,
321 2465 418 2527 quam
441 2444 513 2528 quis
537 2448 636 2527 amet,
660 2444 715 2528 qui
733 2465 790 2527 per
814 2443 962 2508 convivia
982 2444 1102 2529 currit,

180 2528 312 2612 Hirpini
335 2535 458 2594 veteres
481 2533 536 2615 qui
560 2532 642 2595 bene
663 2533 756 2595 novit
779 2531 887 2596 avos.“

139 2613 220 2690 Quid
243 2623 377 2681 narras?
395 2619 457 2682 hoc
475 2623 537 2701 est,
555 2618 618 2682 hoc
637 2622 686 2682 est
704 2620 815 2702 home,
835 2618 952 2704 Cotile,
970 2620 1101 2687 bellus?

181 2703 245 2767 Res
268 2706 447 2789 pertricosa
470 2711 533 2789 est,
557 2705 676 2791 Cotile,
699 2707 804 2771 bellus
827 2708 935 2772 home.

538 2862 653 2928 LXIV.

138 2964 267 3030 Sirenas
290 2966 428 3030 hilarem
450 2968 673 3052 navigantium
695 2992 834 3054 poenam

137 3055 342 3139 Blandasque
365 3059 487 3119 mortes
512 3056 728 3141 gaudiumque
752 3060 893 3143 crudele,

139 3143 225 3219 Quas
248 3163 344 3207 nemo
368 3142 530 3226 quondam
554 3144 721 3210 deserebat
739 3147 880 3231 auditas,

138 3232 253 3296 Fallax
276 3230 388 3295 Ulixes
413 3230 529 3295 dieitur
551 3233 729 3315 reliquisse.

112 3320 214 3387 uNcn
236 3318 348 3384 miror:
373 3319 468 3403 illud,
492 3317 658 3402 Cassiano,
681 3322 830 3408 mirarer,

139 3407 173 3475 Si
195 3408 397 3473 fabulantem
421 3405 558 3471 Canium
581 3409 775 3492 reliquisset.

549 3564 647 3630 LXV.

140 3676 232 3755 Quod
255 3675 359 3760 spirat
382 3678 493 3738 tenera
516 3672 639 3736 malum
663 3674 830 3740 mordente
853 3678 976 3761 puella,

180 3764 274 3842 cuod
297 3765 338 3830 de
362 3760 498 3849 Corycio
523 3782 604 3846 quae
627 3761 715 3826 venit
738 3785 817 3827 aura
838 3785 949 3846 crocu,
