2408 4132
26 423 36 431 “
144 430 208 494 110
466 429 503 484 n.
522 429 603 483 vnn.
623 428 823 483 unanimis

603 589 690 656 XIV.

186 696 302 762 Sedere
324 699 429 782 primo
454 698 568 762 solitus
591 697 626 761 in
649 695 751 782 gradu
774 718 901 778 semper

185 787 288 868 Tunc,
311 809 382 851 cum
407 787 519 851 liceret
542 806 711 868 occupare,
734 784 900 849 Nanneius

184 873 242 938 Bis
266 875 424 938 excitatus
448 878 560 958 terqua
582 873 753 937 transtulit
776 876 899 954 castra,

183 963 229 1026 Et
251 961 337 1027 inter
358 963 448 1046 ipsas
471 984 572 1046 paene
595 963 712 1025 tertius
736 961 834 1024 sellas

158 1051 264 1116 5Post
287 1050 467 1134 Gaiumque
490 1049 687 1133 Luciumque
710 1050 861 1113 consedit.

59 1126 82 1157 χ
184 1139 277 1203 illinc
301 1140 425 1203 cucullo
449 1139 607 1222 prospicit
630 1141 727 1220 caput
750 1141 883 1220 teotuqsv

185 1227 350 1310 Oculoque
373 1227 466 1291 ludos
491 1230 617 1310 spectat
639 1227 789 1290 indecens
812 1248 885 1290 uno.

184 1316 230 1379 Et
253 1315 329 1379 hinc
352 1315 449 1378 miser
473 1315 614 1379 deiectus
636 1315 671 1378 in
693 1316 780 1378 viam
802 1314 934 1398 transit,

185 1402 410 1487 Subsellioque
434 1402 617 1468 semifultus
642 1407 784 1467 extremo

142 1508 173 1555 10
184 1492 230 1555 Et
253 1493 337 1555 male
360 1496 509 1574 receptus
533 1491 635 1556 altero
661 1511 745 1576 genu
767 1491 868 1554 iactat

183 1580 298 1663 Equiti
321 1579 431 1644 sedere
453 1579 608 1664 Leitoque
632 1601 666 1643 se
689 1584 785 1643 stare.

606 1770 676 1836 XV.

184 1877 323 1952 Quintus
347 1882 532 1943 nostrorum
556 1879 639 1943 liber
663 1883 725 1962 est,
747 1877 908 1964 Auguste,
931 1879 1090 1966 iocorum,

227 1967 273 2031 Et
296 1967 440 2049 queritur
462 1968 569 2032 laesus
593 1968 735 2033 carmine
758 1990 853 2033 nemo
877 1990 961 2051 mec,

184 2054 311 2118 Gaudet
332 2055 492 2120 honorato
516 2057 572 2121 sed
595 2056 717 2121 multus
740 2057 871 2120 nomine
894 2057 1008 2138 lector,

229 2144 288 2208 Cui
311 2144 436 2209 victura
459 2167 530 2211 mco
553 2166 685 2209 munere
708 2145 796 2209 fama
819 2145 921 2208 datur.

156 2231 1146 2317 o„Quidtamenhaeoprosuntquamvisvenerantiamultosf‘*

225 2320 301 2386 Non
322 2322 450 2405 prosint
472 2345 563 2406 sane,
586 2344 637 2386 me
660 2327 771 2386 tamen
792 2322 857 2386 ista
879 2323 1002 2387 iuvant.
1024 2319 1029 2329 ’

597 2515 684 2580 XVI.

184 2618 276 2684 Seria
299 2642 372 2685 oum
393 2621 530 2705 possim,
553 2622 639 2706 quod
663 2621 857 2686 delectantia
879 2623 966 2687 malo

228 2706 387 2792 Scribere,
410 2711 447 2773 tu
470 2731 568 2774 causa
591 2730 638 2791 es,
661 2710 762 2774 lector
785 2711 898 2792 amice,
922 2711 1014 2794 mihi,

183 2794 246 2869 Qui
269 2795 352 2880 legis
376 2800 409 2859 et
431 2800 502 2861 tota
526 2801 636 2861 cantas
660 2819 732 2862 mea
756 2798 898 2862 carmina
920 2799 1039 2864 Roma:

227 2881 290 2946 Sed
312 2883 431 2963 nescis,
456 2886 568 2968 quanti
592 2888 657 2948 stet
680 2885 761 2949 mihi
783 2887 860 2950 talis
885 2909 984 2952 amor.

155 2970 269 3035 oNam
292 2971 320 3034 si
342 2970 482 3035 falciferi
505 2971 673 3037 defendere
696 2975 821 3058 templa
844 2973 1000 3040 Tonantis

227 3057 443 3142 Sollicitisque
465 3061 562 3123 velim
585 3060 722 3126 vendere
744 3064 844 3127 verba
867 3064 944 3146 reis,
1105 3140 1109 3147 ι

180 3147 344 3212 Plurimus
367 3146 531 3231 Hispanas
554 3149 664 3212 mittet
686 3150 767 3214 mihi
789 3156 888 3216 nauta
911 3155 1066 3218 metretas

224 3235 270 3300 nt
292 3237 349 3300 fiet
371 3236 461 3301 vario
486 3237 631 3301 sordidus
656 3259 728 3301 aere
753 3240 849 3304 sinus.

180 3324 226 3389 At
247 3346 333 3389 nunc
357 3324 491 3391 conviva
515 3328 565 3389 est
587 3325 842 3410 comissatorque
865 3328 1010 3413 libellus,

138 3431 170 3478 10
225 3417 266 3479 ut
288 3416 417 3477 tantum
440 3413 543 3498 gratis
565 3414 687 3498 pagina
709 3419 822 3479 nostra
843 3416 958 3498 placet.

181 3500 243 3566 Sed
266 3524 331 3567 non
354 3507 387 3566 et
409 3505 534 3567 veteres
558 3502 702 3567 contenti
725 3503 818 3566 lauda
840 3502 984 3589 fuerunt,

225 3589 306 3655 Cum
330 3590 499 3655 minimum
522 3590 590 3656 vati
614 3613 730 3655 munus
753 3591 865 3655 Alexis
889 3597 967 3657 erat.

180 3679 309 3764 ,‚Belle“
332 3679 439 3763 inquis
460 3679 573 3765 „dixtit
597 3679 677 3744 satis
701 3682 734 3743 et
756 3679 959 3745 laudabimus
983 3683 1108 3766 usque.‘'

218 3768 441 3834 Dissimulas?
464 3768 565 3834 facies
588 3789 653 3854 me,
675 3771 768 3855 puto,
791 3769 995 3834 causidicum.
