2408 4132
129 443 194 509 162
451 443 488 499 M.
507 443 589 498 vlu.
608 442 808 497 maurianis

555 602 703 668 XLVHI.

174 710 255 776 Cum
279 733 406 776 mensas
429 711 551 775 habeat
572 710 638 774 fere
661 713 836 792 trecentas,

45 821 48 827 ’
173 799 237 864 Pro
261 800 380 864 mensis
403 799 503 863 habet
525 798 652 862 Annius
675 797 856 861 ministros:

126 848 412 952 irranseurrunr
436 887 575 971 gabatae
597 887 773 969 volantque
796 887 912 950 lancea.

172 974 242 1040 Has
265 976 358 1040 vobis
382 975 493 1058 epulas
516 974 647 1051 habete,
670 974 763 1038 lauti:

147 1062 241 1128 5Nos
266 1063 457 1128 offendimur
481 1063 668 1126 ambulante
692 1083 779 1126 cena.

574 1237 689 1302 XLIX.

171 1344 277 1408 Parva
300 1344 476 1409 suburbani
499 1345 688 1408 munuscula
711 1342 868 1407 mittimus
891 1343 992 1408 horti:

215 1429 375 1497 Faucibus
399 1454 460 1497 ova
483 1431 562 1513 tuis,
584 1454 695 1516 poma,
720 1430 849 1515 Severe,
872 1432 975 1516 gulae.

612 1606 648 1670 L.

172 1712 258 1780 Fons
283 1712 444 1795 dominae,
467 1713 579 1798 regina
601 1711 664 1776 loci
688 1734 749 1796 quo
774 1712 894 1797 gaudet
914 1711 1056 1798 Ianthis,

217 1799 331 1864 Gloria
354 1801 544 1882 conspicuae
568 1799 779 1882 deliciumque
804 1799 931 1884 domus,

173 1888 254 1953 Cum
277 1893 334 1952 tua
357 1891 409 1951 tot
430 1888 532 1952 niveis
557 1891 689 1952 ornetur
711 1888 782 1970 ripa
805 1888 961 1953 ministris

216 1976 261 2039 Elt
283 1975 488 2059 Ganymedeo
512 1977 619 2039 luceat
642 1975 728 2039 unda
750 1976 863 2041 choro:

146 2063 255 2139 aquid
278 2064 357 2128 facit
379 2063 509 2128 Alcides
534 2064 616 2128 silva
641 2068 785 2128 sacratus
807 2064 842 2128 in
864 2065 952 2128 ista?

217 2152 298 2216 Tam
320 2152 427 2216 vicina
448 2151 511 2215 tibi
534 2175 591 2216 cur
613 2156 704 2216 tenet
726 2156 821 2216 antra
844 2152 944 2217 deus?

172 2239 336 2325 Numquid
358 2239 584 2324 Nympharum
606 2244 702 2305 notos
727 2241 878 2305 observat
901 2261 1042 2326 amores,

217 2329 297 2393 Tam
320 2329 416 2393 multi
437 2329 561 2412 pariter
582 2351 623 2393 ne
646 2329 816 2413 rapiantur
838 2327 965 2412 Hylae?

606 2521 657 2585 LI.

173 2628 310 2693 Mercari
333 2631 464 2693 nostras
488 2629 516 2692 si
540 2632 571 2692 te
594 2628 698 2713 piget,
721 2626 853 2705 Urbice,
876 2649 980 2714 nugas

216 2717 261 2780 Et
284 2716 406 2780 lasciva
430 2720 540 2780 tamen
563 2717 706 2780 carmina
729 2737 829 2780 nosse·
847 2716 941 2799 libet,

172 2803 364 2887 Pompeium
382 2825 517 2886 quaeres
539 2841 576 2850 -
598 2808 630 2868 et
652 2805 740 2869 nosti
761 2804 897 2869 forsitan
917 2840 959 2851 -
978 2804 1136 2891 Auctum3

217 2890 343 2954 Ultoris
366 2891 472 2975 prima
494 2891 610 2955 Martis
633 2892 668 2955 in
691 2893 767 2956 aede
792 2892 892 2957 sedet:
1193 2885 1200 2902 i

147 2979 245 3044 slure
268 2978 401 3042 madens
424 2979 576 3062 varioque
599 2982 694 3061 togae
717 2980 849 3045 limatus
872 2981 907 3044 in
928 3002 1002 3061 usu,

217 3066 293 3130 Non
316 3068 416 3131 lector
439 3088 528 3130 meus
551 3067 618 3150 hic,
640 3066 773 3149 Urbica,
797 3068 853 3133 sed
876 3069 959 3134 liber
982 3073 1040 3134 est.

174 3153 227 3219 Sic
249 3157 339 3218 tenet
362 3155 511 3219 absentes
534 3159 663 3220 nostros
688 3160 860 3240 cantatque
883 3157 1028 3241 libellos,
1073 3193 1081 3218 .-

217 3241 264 3307 Ut
287 3247 397 3326 pereat
420 3242 540 3308 chartis
564 3244 674 3308 littera
697 3244 787 3308 nulla
809 3244 902 3309 meis:

173 3330 332 3414 Denique,
356 3331 384 3395 si
406 3330 518 3411 vellet,
541 3336 671 3416 poterat
694 3332 861 3417 scripsisse
884 3333 999 3418 videri3

130 3435 164 3484 10
218 3417 281 3483 Sed
302 3420 408 3484 famae
432 3421 556 3484 mavult
578 3421 634 3484 ille
657 3420 763 3485 favere
787 3444 888 3487 meac.

173 3508 267 3572 Hunc
277 3508 352 3572 licet
362 3531 381 3572 a
392 3508 516 3573 decima
526 3545 562 3554 -
570 3509 768 3591 nequeenim
780 3511 860 3574 satis
870 3513 945 3574 ante
955 3509 1085 3574 vacabit
1095 3547 1132 3557 -

218 3593 394 3680 Sollicites3
419 3598 525 3680 capiet
547 3598 660 3661 cenula
682 3620 782 3681 parva
806 3598 899 3680 duos;

173 3683 235 3748 Ille
258 3685 359 3768 leget,
382 3685 456 3749 bibe
479 3690 529 3768 tu;
551 3686 635 3750 nolis
658 3686 749 3768 licet,
771 3685 827 3749 ille
851 3686 993 3770 sonabit;
1077 3748 1080 3753 .

206 3772 353 3839 Etcum
372 3774 466 3860 „Iam
491 3775 572 3841 satis
596 3774 664 3840 est“
687 3774 818 3859 dixeris,
839 3774 1127 3884 illem&
