<?xml version="1.0" encoding="UTF-8"?>
<!DOCTYPE html PUBLIC "-//W3C//DTD XHTML 1.0 Transitional//EN"
    "http://www.w3.org/TR/xhtml1/DTD/xhtml1-transitional.dtd">
<html xmlns="http://www.w3.org/1999/xhtml" xml:lang="en" lang="en">
 <head>
  <title>
</title>
<meta http-equiv="Content-Type" content="text/html;charset=utf-8" />
  <meta name='ocr-system' content='tesseract 3.04.00' />
  <meta name='ocr-capabilities' content='ocr_page ocr_carea ocr_par ocr_line ocrx_word'/>
</head>
<body>
  <div class='ocr_page' id='page_1' title='image "./mvaleriimartial00gilbgoog/mvaleriimartial00gilbgoog_0196.png"; bbox 0 0 2408 4132; ppageno 0'>
   <div class='ocr_carea' id='block_1_1' title="bbox 353 334 1082 564">
    <p class='ocr_par' dir='ltr' id='par_1_1' title="bbox 353 334 1082 564">
     <span class='ocr_line' id='line_1_1' title="bbox 353 334 1082 400; baseline 0.018 -12"><span class='ocrx_word' id='word_1_1' title='bbox 353 334 647 391; x_wconf 78' lang='lat' dir='ltr'>nereannnmon</span> <span class='ocrx_word' id='word_1_2' title='bbox 664 337 730 393; x_wconf 82' lang='lat' dir='ltr'>nra.</span> <span class='ocrx_word' id='word_1_3' title='bbox 749 338 809 393; x_wconf 81' lang='lat' dir='ltr'>vn</span> <span class='ocrx_word' id='word_1_4' title='bbox 1019 336 1082 400; x_wconf 84' lang='lat'>149</span> 
     </span>
     <span class='ocr_line' id='line_1_2' title="bbox 520 496 638 564; baseline 0.017 -2"><span class='ocrx_word' id='word_1_5' title='bbox 520 496 638 564; x_wconf 76' lang='lat' dir='ltr'>XCIII.</span> 
     </span>
    </p>
   </div>
   <div class='ocr_carea' id='block_1_2' title="bbox 77 594 1017 1649">
    <p class='ocr_par' dir='ltr' id='par_1_2' title="bbox 120 594 1017 856">
     <span class='ocr_line' id='line_1_3' title="bbox 121 594 1017 679; baseline 0.004 -21"><span class='ocrx_word' id='word_1_6' title='bbox 121 595 202 659; x_wconf 80' lang='lat' dir='ltr'>Tam</span> <span class='ocrx_word' id='word_1_7' title='bbox 225 595 310 660; x_wconf 89' lang='lat' dir='ltr'>male</span> <span class='ocrx_word' id='word_1_8' title='bbox 333 594 433 659; x_wconf 82' lang='lat' dir='ltr'><strong>Thais</strong></span> <span class='ocrx_word' id='word_1_9' title='bbox 456 595 538 679; x_wconf 85' lang='lat' dir='ltr'>olet,</span> <span class='ocrx_word' id='word_1_10' title='bbox 561 618 658 679; x_wconf 89' lang='lat' dir='ltr'>quam</span> <span class='ocrx_word' id='word_1_11' title='bbox 680 619 748 662; x_wconf 88' lang='lat' dir='ltr'>non</span> <span class='ocrx_word' id='word_1_12' title='bbox 769 597 903 663; x_wconf 83' lang='lat' dir='ltr'>fullonis</span> <span class='ocrx_word' id='word_1_13' title='bbox 927 598 1017 662; x_wconf 85' lang='lat' dir='ltr'>avari</span> 
     </span>
     <span class='ocr_line' id='line_1_4' title="bbox 164 683 932 768; baseline 0.004 -21"><span class='ocrx_word' id='word_1_14' title='bbox 164 684 262 748; x_wconf 86' lang='lat' dir='ltr'>Testa</span> <span class='ocrx_word' id='word_1_15' title='bbox 283 688 390 766; x_wconf 79' lang='lat' dir='ltr'>vetus,</span> <span class='ocrx_word' id='word_1_16' title='bbox 413 683 520 747; x_wconf 90' lang='lat' dir='ltr'>media</span> <span class='ocrx_word' id='word_1_17' title='bbox 542 684 598 749; x_wconf 89' lang='lat' dir='ltr'>sed</span> <span class='ocrx_word' id='word_1_18' title='bbox 620 686 716 750; x_wconf 89' lang='lat' dir='ltr'>modo</span> <span class='ocrx_word' id='word_1_19' title='bbox 739 686 842 751; x_wconf 88' lang='lat' dir='ltr'>fracta</span> <span class='ocrx_word' id='word_1_20' title='bbox 864 687 932 768; x_wconf 83' lang='lat' dir='ltr'>via,</span> 
     </span>
     <span class='ocr_line' id='line_1_5' title="bbox 120 770 978 856; baseline 0.002 -21"><span class='ocrx_word' id='word_1_21' title='bbox 120 770 195 836; x_wconf 91' lang='lat' dir='ltr'>Non</span> <span class='ocrx_word' id='word_1_22' title='bbox 218 773 259 836; x_wconf 94' lang='lat' dir='ltr'>ab</span> <span class='ocrx_word' id='word_1_23' title='bbox 283 792 392 836; x_wconf 87' lang='lat' dir='ltr'>amore</span> <span class='ocrx_word' id='word_1_24' title='bbox 414 793 525 836; x_wconf 89' lang='lat' dir='ltr'>recens</span> <span class='ocrx_word' id='word_1_25' title='bbox 548 772 670 856; x_wconf 87' lang='lat' dir='ltr'>hircus,</span> <span class='ocrx_word' id='word_1_26' title='bbox 692 794 758 838; x_wconf 90' lang='lat' dir='ltr'>non</span> <span class='ocrx_word' id='word_1_27' title='bbox 781 774 978 852; x_wconf 82' lang='lat' dir='ltr'>araleonis,</span> 
     </span>
    </p>

    <p class='ocr_par' dir='ltr' id='par_1_3' title="bbox 77 858 999 1649">
     <span class='ocr_line' id='line_1_6' title="bbox 164 858 878 947; baseline 0.003 -23"><span class='ocrx_word' id='word_1_28' title='bbox 164 858 239 924; x_wconf 89' lang='lat' dir='ltr'>Non</span> <span class='ocrx_word' id='word_1_29' title='bbox 262 860 406 924; x_wconf 85' lang='lat' dir='ltr'>detracta</span> <span class='ocrx_word' id='word_1_30' title='bbox 429 860 502 924; x_wconf 90' lang='lat' dir='ltr'>cani</span> <span class='ocrx_word' id='word_1_31' title='bbox 524 862 758 926; x_wconf 86' lang='lat' dir='ltr'>transtiberina</span> <span class='ocrx_word' id='word_1_32' title='bbox 780 863 878 947; x_wconf 87' lang='lat' dir='ltr'>cutis,</span> 
     </span>
     <span class='ocr_line' id='line_1_7' title="bbox 93 947 917 1034; baseline 0.004 -21"><span class='ocrx_word' id='word_1_33' title='bbox 93 947 233 1013; x_wconf 86' lang='lat' dir='ltr'>5Pullus</span> <span class='ocrx_word' id='word_1_34' title='bbox 256 948 404 1012; x_wconf 85' lang='lat' dir='ltr'>abortivo</span> <span class='ocrx_word' id='word_1_35' title='bbox 427 969 486 1013; x_wconf 89' lang='lat' dir='ltr'>nec</span> <span class='ocrx_word' id='word_1_36' title='bbox 509 970 581 1013; x_wconf 90' lang='lat' dir='ltr'>cum</span> <span class='ocrx_word' id='word_1_37' title='bbox 603 952 763 1034; x_wconf 76' lang='lat' dir='ltr'>putrescit</span> <span class='ocrx_word' id='word_1_38' title='bbox 784 953 820 1015; x_wconf 90' lang='lat' dir='ltr'>in</span> <span class='ocrx_word' id='word_1_39' title='bbox 842 973 917 1034; x_wconf 82' lang='lat' dir='ltr'>ovo,</span> 
     </span>
     <span class='ocr_line' id='line_1_8' title="bbox 163 1036 837 1124; baseline 0.001 -23"><span class='ocrx_word' id='word_1_40' title='bbox 163 1036 332 1121; x_wconf 80' lang='lat' dir='ltr'><strong>Amphora</strong></span> <span class='ocrx_word' id='word_1_41' title='bbox 354 1040 506 1120; x_wconf 87' lang='lat' dir='ltr'>corrupto</span> <span class='ocrx_word' id='word_1_42' title='bbox 528 1058 588 1102; x_wconf 90' lang='lat' dir='ltr'>nec</span> <span class='ocrx_word' id='word_1_43' title='bbox 610 1037 726 1103; x_wconf 81' lang='lat' dir='ltr'>vitiata</span> <span class='ocrx_word' id='word_1_44' title='bbox 749 1060 837 1124; x_wconf 83' lang='lat' dir='ltr'>garo.</span> 
     </span>
     <span class='ocr_line' id='line_1_9' title="bbox 118 1123 892 1211; baseline 0.001 -22"><span class='ocrx_word' id='word_1_45' title='bbox 118 1123 217 1189; x_wconf 88' lang='lat' dir='ltr'>Virus</span> <span class='ocrx_word' id='word_1_46' title='bbox 241 1129 277 1189; x_wconf 88' lang='lat' dir='ltr'>ut</span> <span class='ocrx_word' id='word_1_47' title='bbox 299 1125 361 1189; x_wconf 90' lang='lat' dir='ltr'>hoc</span> <span class='ocrx_word' id='word_1_48' title='bbox 384 1124 450 1189; x_wconf 90' lang='lat' dir='ltr'>alio</span> <span class='ocrx_word' id='word_1_49' title='bbox 473 1123 575 1188; x_wconf 82' lang='lat' dir='ltr'><strong>fallax</strong></span> <span class='ocrx_word' id='word_1_50' title='bbox 597 1130 759 1209; x_wconf 72' lang='lat' dir='ltr'><strong>permutet</strong></span> <span class='ocrx_word' id='word_1_51' title='bbox 783 1127 892 1211; x_wconf 85' lang='lat' dir='ltr'>odore,</span> 
     </span>
     <span class='ocr_line' id='line_1_10' title="bbox 120 1212 864 1298; baseline 0.004 -22"><span class='ocrx_word' id='word_1_52' title='bbox 120 1263 121 1266; x_wconf 15' lang='grc' dir='ltr'>η</span> <span class='ocrx_word' id='word_1_53' title='bbox 163 1212 321 1296; x_wconf 88' lang='lat' dir='ltr'>Deposita</span> <span class='ocrx_word' id='word_1_54' title='bbox 343 1212 491 1296; x_wconf 89' lang='lat' dir='ltr'>quotiens</span> <span class='ocrx_word' id='word_1_55' title='bbox 515 1213 632 1278; x_wconf 87' lang='lat' dir='ltr'>balnea</span> <span class='ocrx_word' id='word_1_56' title='bbox 654 1218 745 1279; x_wconf 82' lang='lat' dir='ltr'>ueste</span> <span class='ocrx_word' id='word_1_57' title='bbox 767 1217 864 1298; x_wconf 83' lang='lat' dir='ltr'>petit,</span> 
     </span>
     <span class='ocr_line' id='line_1_11' title="bbox 119 1301 928 1368; baseline 0.001 -3"><span class='ocrx_word' id='word_1_58' title='bbox 119 1301 284 1366; x_wconf 85' lang='lat' dir='ltr'>Psilothro</span> <span class='ocrx_word' id='word_1_59' title='bbox 308 1301 392 1365; x_wconf 83' lang='lat' dir='ltr'>viret</span> <span class='ocrx_word' id='word_1_60' title='bbox 415 1306 471 1366; x_wconf 84' lang='lat' dir='ltr'>aut</span> <span class='ocrx_word' id='word_1_61' title='bbox 494 1301 585 1366; x_wconf 90' lang='lat' dir='ltr'>acida</span> <span class='ocrx_word' id='word_1_62' title='bbox 607 1303 691 1367; x_wconf 88' lang='lat' dir='ltr'>latet</span> <span class='ocrx_word' id='word_1_63' title='bbox 714 1303 818 1368; x_wconf 91' lang='lat' dir='ltr'>oblita</span> <span class='ocrx_word' id='word_1_64' title='bbox 840 1306 928 1368; x_wconf 89' lang='lat' dir='ltr'>creta</span> 
     </span>
     <span class='ocr_line' id='line_1_12' title="bbox 77 1388 956 1475; baseline 0.001 -21"><span class='ocrx_word' id='word_1_65' title='bbox 77 1408 109 1454; x_wconf 93' lang='lat'>10</span> <span class='ocrx_word' id='word_1_66' title='bbox 164 1388 233 1453; x_wconf 83' lang='lat' dir='ltr'>Aut</span> <span class='ocrx_word' id='word_1_67' title='bbox 253 1388 377 1474; x_wconf 82' lang='lat' dir='ltr'>tegitur</span> <span class='ocrx_word' id='word_1_68' title='bbox 399 1391 514 1472; x_wconf 82' lang='lat' dir='ltr'>pingui</span> <span class='ocrx_word' id='word_1_69' title='bbox 536 1394 647 1475; x_wconf 88' lang='lat' dir='ltr'>terque</span> <span class='ocrx_word' id='word_1_70' title='bbox 671 1395 847 1475; x_wconf 77' lang='lat' dir='ltr'>quaterque</span> <span class='ocrx_word' id='word_1_71' title='bbox 870 1390 956 1455; x_wconf 86' lang='lat' dir='ltr'><strong>faba.</strong></span> 
     </span>
     <span class='ocr_line' id='line_1_13' title="bbox 120 1476 999 1563; baseline 0 -21"><span class='ocrx_word' id='word_1_72' title='bbox 120 1476 202 1543; x_wconf 79' lang='lat' dir='ltr'>Cum</span> <span class='ocrx_word' id='word_1_73' title='bbox 224 1479 304 1542; x_wconf 87' lang='lat' dir='ltr'>bene</span> <span class='ocrx_word' id='word_1_74' title='bbox 327 1498 362 1541; x_wconf 89' lang='lat' dir='ltr'>se</span> <span class='ocrx_word' id='word_1_75' title='bbox 384 1481 490 1542; x_wconf 91' lang='lat' dir='ltr'>tutam</span> <span class='ocrx_word' id='word_1_76' title='bbox 513 1500 571 1562; x_wconf 87' lang='lat' dir='ltr'>per</span> <span class='ocrx_word' id='word_1_77' title='bbox 592 1478 722 1544; x_wconf 77' lang='lat' dir='ltr'>fraudes</span> <span class='ocrx_word' id='word_1_78' title='bbox 746 1479 835 1544; x_wconf 87' lang='lat' dir='ltr'>mille</span> <span class='ocrx_word' id='word_1_79' title='bbox 858 1479 999 1563; x_wconf 83' lang='lat' dir='ltr'>putavit,</span> 
     </span>
     <span class='ocr_line' id='line_1_14' title="bbox 164 1565 896 1649; baseline 0.003 -19"><span class='ocrx_word' id='word_1_80' title='bbox 164 1565 280 1630; x_wconf 91' lang='lat' dir='ltr'>Omnia</span> <span class='ocrx_word' id='word_1_81' title='bbox 304 1587 376 1629; x_wconf 92' lang='lat' dir='ltr'>cum</span> <span class='ocrx_word' id='word_1_82' title='bbox 397 1565 487 1649; x_wconf 84' lang='lat' dir='ltr'>fecit,</span> <span class='ocrx_word' id='word_1_83' title='bbox 510 1566 635 1632; x_wconf 83' lang='lat' dir='ltr'><strong>Thaida</strong></span> <span class='ocrx_word' id='word_1_84' title='bbox 657 1566 757 1631; x_wconf 82' lang='lat' dir='ltr'><strong>Thais</strong></span> <span class='ocrx_word' id='word_1_85' title='bbox 781 1569 857 1633; x_wconf 83' lang='lat' dir='ltr'>olet.</span> <span class='ocrx_word' id='word_1_86' title='bbox 894 1599 896 1604; x_wconf 50' lang='lat'><strong><em>¹</em></strong></span> 
     </span>
    </p>
   </div>
   <div class='ocr_carea' id='block_1_3' title="bbox 521 1705 635 1772">
    <p class='ocr_par' dir='ltr' id='par_1_4' title="bbox 521 1705 635 1772">
     <span class='ocr_line' id='line_1_15' title="bbox 521 1705 635 1772; baseline -0.009 0"><span class='ocrx_word' id='word_1_87' title='bbox 521 1705 635 1772; x_wconf 82' lang='lat' dir='ltr'>XCIV.</span> 
     </span>
    </p>
   </div>
   <div class='ocr_carea' id='block_1_4' title="bbox 119 1802 1022 2064">
    <p class='ocr_par' dir='ltr' id='par_1_5' title="bbox 119 1802 1022 2064">
     <span class='ocr_line' id='line_1_16' title="bbox 119 1802 888 1888; baseline -0.001 -20"><span class='ocrx_word' id='word_1_88' title='bbox 119 1804 289 1868; x_wconf 88' lang='lat' dir='ltr'>Ponuntur</span> <span class='ocrx_word' id='word_1_89' title='bbox 311 1825 437 1886; x_wconf 84' lang='lat' dir='ltr'>semper</span> <span class='ocrx_word' id='word_1_90' title='bbox 460 1803 675 1888; x_wconf 83' lang='lat' dir='ltr'>chrysendeta</span> <span class='ocrx_word' id='word_1_91' title='bbox 697 1802 888 1888; x_wconf 74' lang='lat' dir='ltr'>Calpetiano</span> 
     </span>
     <span class='ocr_line' id='line_1_17' title="bbox 163 1889 925 1976; baseline 0.001 -21"><span class='ocrx_word' id='word_1_92' title='bbox 163 1889 237 1955; x_wconf 83' lang='lat' dir='ltr'>Sive</span> <span class='ocrx_word' id='word_1_93' title='bbox 258 1890 356 1976; x_wconf 85' lang='lat' dir='ltr'>foris,</span> <span class='ocrx_word' id='word_1_94' title='bbox 379 1913 532 1961; x_wconf 86' lang='lat' dir='ltr'>seucum</span> <span class='ocrx_word' id='word_1_95' title='bbox 555 1895 649 1957; x_wconf 87' lang='lat' dir='ltr'>cenat</span> <span class='ocrx_word' id='word_1_96' title='bbox 670 1893 705 1956; x_wconf 93' lang='lat' dir='ltr'>in</span> <span class='ocrx_word' id='word_1_97' title='bbox 728 1893 806 1956; x_wconf 88' lang='lat' dir='ltr'>urhe</span> <span class='ocrx_word' id='word_1_98' title='bbox 830 1892 925 1956; x_wconf 91' lang='lat' dir='ltr'>domi.</span> 
     </span>
     <span class='ocr_line' id='line_1_18' title="bbox 121 1979 1022 2064; baseline 0 -20"><span class='ocrx_word' id='word_1_99' title='bbox 121 1979 174 2045; x_wconf 84' lang='lat' dir='ltr'>Sic</span> <span class='ocrx_word' id='word_1_100' title='bbox 196 1980 294 2044; x_wconf 88' lang='lat' dir='ltr'>etiam</span> <span class='ocrx_word' id='word_1_101' title='bbox 317 1980 352 2043; x_wconf 90' lang='lat' dir='ltr'>in</span> <span class='ocrx_word' id='word_1_102' title='bbox 374 1980 503 2044; x_wconf 89' lang='lat' dir='ltr'>stabulo</span> <span class='ocrx_word' id='word_1_103' title='bbox 528 2001 668 2064; x_wconf 77' lang='lat' dir='ltr'>semper,</span> <span class='ocrx_word' id='word_1_104' title='bbox 691 1981 737 2045; x_wconf 90' lang='lat' dir='ltr'>sic</span> <span class='ocrx_word' id='word_1_105' title='bbox 760 1983 855 2045; x_wconf 87' lang='lat' dir='ltr'>cenat</span> <span class='ocrx_word' id='word_1_106' title='bbox 876 1981 911 2043; x_wconf 93' lang='lat' dir='ltr'>in</span> <span class='ocrx_word' id='word_1_107' title='bbox 934 1999 1022 2064; x_wconf 81' lang='lat' dir='ltr'>agro.</span> 
     </span>
    </p>
   </div>
   <div class='ocr_carea' id='block_1_5' title="bbox 164 2066 1078 2153">
    <p class='ocr_par' dir='ltr' id='par_1_6' title="bbox 164 2066 1078 2153">
     <span class='ocr_line' id='line_1_19' title="bbox 164 2066 1078 2153; baseline -0.002 -21"><span class='ocrx_word' id='word_1_108' title='bbox 164 2067 239 2148; x_wconf 85' lang='lat' dir='ltr'>Non</span> <span class='ocrx_word' id='word_1_109' title='bbox 261 2066 360 2132; x_wconf 86' lang='lat' dir='ltr'>habet</span> <span class='ocrx_word' id='word_1_110' title='bbox 383 2089 461 2153; x_wconf 83' lang='lat' dir='ltr'>ergo</span> <span class='ocrx_word' id='word_1_111' title='bbox 485 2067 595 2133; x_wconf 82' lang='lat' dir='ltr'>aliud?</span> <span class='ocrx_word' id='word_1_112' title='bbox 633 2067 710 2133; x_wconf 91' lang='lat' dir='ltr'>Non</span> <span class='ocrx_word' id='word_1_113' title='bbox 731 2067 832 2132; x_wconf 81' lang='lat' dir='ltr'>habet</span> <span class='ocrx_word' id='word_1_114' title='bbox 854 2068 953 2132; x_wconf 90' lang='lat' dir='ltr'>immo</span> <span class='ocrx_word' id='word_1_115' title='bbox 978 2089 1078 2133; x_wconf 90' lang='lat' dir='ltr'>suum.</span> 
     </span>
    </p>
   </div>
   <div class='ocr_carea' id='block_1_6' title="bbox 343 2423 814 2502">
    <p class='ocr_par' dir='ltr' id='par_1_7' title="bbox 343 2423 814 2502">
     <span class='ocr_line' id='line_1_20' title="bbox 343 2423 814 2502; baseline -0.002 -6"><span class='ocrx_word' id='word_1_116' title='bbox 343 2423 391 2495; x_wconf 89' lang='lat' dir='ltr'>M.</span> <span class='ocrx_word' id='word_1_117' title='bbox 419 2423 526 2497; x_wconf 86' lang='lat' dir='ltr'><strong>VAL.</strong></span> <span class='ocrx_word' id='word_1_118' title='bbox 554 2423 814 2502; x_wconf 80' lang='lat' dir='ltr'><strong>MARTIALIS</strong></span> 
     </span>
    </p>
   </div>
   <div class='ocr_carea' id='block_1_7' title="bbox 276 2597 876 2698">
    <p class='ocr_par' dir='ltr' id='par_1_8' title="bbox 276 2597 876 2698">
     <span class='ocr_line' id='line_1_21' title="bbox 276 2597 876 2698; baseline -0.002 -1"><span class='ocrx_word' id='word_1_119' title='bbox 276 2597 876 2698; x_wconf 80' lang='lat' dir='ltr'><strong>EPIGRAMMATON</strong></span> 
     </span>
    </p>
   </div>
   <div class='ocr_carea' id='block_1_8' title="bbox 335 2809 690 3052">
    <p class='ocr_par' dir='ltr' id='par_1_9' title="bbox 335 2809 690 3052">
     <span class='ocr_line' id='line_1_22' title="bbox 335 2809 690 2875; baseline -0.003 0"><span class='ocrx_word' id='word_1_120' title='bbox 335 2822 340 2831; x_wconf 86' lang='lat'>&#39;</span> <span class='ocrx_word' id='word_1_121' title='bbox 463 2809 595 2875; x_wconf 78' lang='lat' dir='ltr'>LIBER</span> <span class='ocrx_word' id='word_1_122' title='bbox 616 2809 690 2874; x_wconf 87' lang='lat' dir='ltr'><strong>VII.</strong></span> 
     </span>
     <span class='ocr_line' id='line_1_23' title="bbox 564 2985 590 3052; baseline 0 0"><span class='ocrx_word' id='word_1_123' title='bbox 564 2985 590 3052; x_wconf 89' lang='lat' dir='ltr'>L</span> 
     </span>
    </p>
   </div>
   <div class='ocr_carea' id='block_1_9' title="bbox 116 3080 1016 3432">
    <p class='ocr_par' dir='ltr' id='par_1_10' title="bbox 117 3080 950 3255">
     <span class='ocr_line' id='line_1_24' title="bbox 117 3080 950 3168; baseline 0.002 -22"><span class='ocrx_word' id='word_1_124' title='bbox 117 3080 237 3165; x_wconf 81' lang='lat' dir='ltr'>Accipe</span> <span class='ocrx_word' id='word_1_125' title='bbox 261 3082 437 3168; x_wconf 84' lang='lat' dir='ltr'>belligerae</span> <span class='ocrx_word' id='word_1_126' title='bbox 460 3083 592 3148; x_wconf 86' lang='lat' dir='ltr'>crudum</span> <span class='ocrx_word' id='word_1_127' title='bbox 615 3082 751 3148; x_wconf 87' lang='lat' dir='ltr'>thoraca</span> <span class='ocrx_word' id='word_1_128' title='bbox 772 3082 950 3166; x_wconf 88' lang='lat' dir='ltr'>Minervae,</span> 
     </span>
     <span class='ocr_line' id='line_1_25' title="bbox 161 3168 901 3255; baseline 0.007 -23"><span class='ocrx_word' id='word_1_129' title='bbox 161 3168 238 3253; x_wconf 91' lang='lat' dir='ltr'>Ipsa</span> <span class='ocrx_word' id='word_1_130' title='bbox 260 3169 451 3236; x_wconf 85' lang='lat' dir='ltr'>Medusaeae</span> <span class='ocrx_word' id='word_1_131' title='bbox 476 3193 571 3255; x_wconf 90' lang='lat' dir='ltr'>quem</span> <span class='ocrx_word' id='word_1_132' title='bbox 593 3172 688 3235; x_wconf 85' lang='lat' dir='ltr'>timet</span> <span class='ocrx_word' id='word_1_133' title='bbox 710 3171 760 3235; x_wconf 91' lang='lat' dir='ltr'>ira</span> <span class='ocrx_word' id='word_1_134' title='bbox 783 3193 901 3238; x_wconf 89' lang='lat' dir='ltr'>comae.</span> 
     </span>
    </p>

    <p class='ocr_par' dir='ltr' id='par_1_11' title="bbox 116 3258 1016 3432">
     <span class='ocr_line' id='line_1_26' title="bbox 116 3258 1016 3344; baseline -0.001 -21"><span class='ocrx_word' id='word_1_135' title='bbox 116 3259 204 3323; x_wconf 92' lang='lat' dir='ltr'>Dum</span> <span class='ocrx_word' id='word_1_136' title='bbox 226 3263 332 3342; x_wconf 81' lang='lat' dir='ltr'>vacat,</span> <span class='ocrx_word' id='word_1_137' title='bbox 355 3259 448 3340; x_wconf 87' lang='lat' dir='ltr'>haec,</span> <span class='ocrx_word' id='word_1_138' title='bbox 472 3258 605 3343; x_wconf 82' lang='lat' dir='ltr'>Caesar,</span> <span class='ocrx_word' id='word_1_139' title='bbox 627 3259 750 3344; x_wconf 81' lang='lat' dir='ltr'>poterit</span> <span class='ocrx_word' id='word_1_140' title='bbox 772 3259 872 3324; x_wconf 91' lang='lat' dir='ltr'>lorica</span> <span class='ocrx_word' id='word_1_141' title='bbox 894 3259 1016 3324; x_wconf 81' lang='lat' dir='ltr'>vocari:</span> 
     </span>
     <span class='ocr_line' id='line_1_27' title="bbox 160 3345 865 3432; baseline -0.001 -22"><span class='ocrx_word' id='word_1_142' title='bbox 160 3345 295 3411; x_wconf 84' lang='lat' dir='ltr'>Pectore</span> <span class='ocrx_word' id='word_1_143' title='bbox 318 3369 390 3412; x_wconf 90' lang='lat' dir='ltr'>cum</span> <span class='ocrx_word' id='word_1_144' title='bbox 414 3368 504 3412; x_wconf 88' lang='lat' dir='ltr'>sacro</span> <span class='ocrx_word' id='word_1_145' title='bbox 528 3348 660 3431; x_wconf 86' lang='lat' dir='ltr'>sederit,</span> <span class='ocrx_word' id='word_1_146' title='bbox 684 3346 772 3432; x_wconf 84' lang='lat' dir='ltr'>aegis</span> <span class='ocrx_word' id='word_1_147' title='bbox 795 3348 865 3412; x_wconf 88' lang='lat' dir='ltr'>erit.</span> 
     </span>
    </p>
   </div>
   <div class='ocr_carea' id='block_1_10' title="bbox 72 3486 911 3773">
    <p class='ocr_par' dir='ltr' id='par_1_12' title="bbox 72 3486 911 3773">
     <span class='ocr_line' id='line_1_28' title="bbox 114 3486 911 3669; baseline 0 -20"><span class='ocrx_word' id='word_1_148' title='bbox 114 3582 208 3650; x_wconf 82' lang='lat' dir='ltr'>Invia</span> <span class='ocrx_word' id='word_1_149' title='bbox 231 3582 419 3651; x_wconf 80' lang='lat' dir='ltr'>Sarmaticis</span> <span class='ocrx_word' id='word_1_150' title='bbox 443 3486 689 3650; x_wconf 73' lang='lat' dir='ltr'>dominiHhorica</span> <span class='ocrx_word' id='word_1_151' title='bbox 713 3577 843 3669; x_wconf 82' lang='lat' dir='ltr'>sagittis</span> <span class='ocrx_word' id='word_1_152' title='bbox 908 3613 911 3620; x_wconf 92' lang='lat'>·</span> 
     </span>
     <span class='ocr_line' id='line_1_29' title="bbox 72 3671 883 3773; baseline -0.004 -35"><span class='ocrx_word' id='word_1_153' title='bbox 72 3690 77 3699; x_wconf 86' lang='grc'><strong>’</strong></span> <span class='ocrx_word' id='word_1_154' title='bbox 158 3671 343 3773; x_wconf 71' lang='lat' dir='ltr'>numanis</span> <span class='ocrx_word' id='word_1_155' title='bbox 367 3671 481 3742; x_wconf 84' lang='lat' dir='ltr'>Getico</span> <span class='ocrx_word' id='word_1_156' title='bbox 503 3677 641 3763; x_wconf 74' lang='lat' dir='ltr'>tergore</span> <span class='ocrx_word' id='word_1_157' title='bbox 659 3671 732 3740; x_wconf 66' lang='lat' dir='ltr'>hta</span> <span class='ocrx_word' id='word_1_158' title='bbox 750 3675 883 3759; x_wconf 51' lang='lat' dir='ltr'>magis,</span> 
     </span>
    </p>
   </div>
   <div class='ocr_carea' id='block_1_11' title="bbox 0 0 1208 4132">
    <p class='ocr_par' dir='ltr' id='par_1_13' title="bbox 0 0 1208 4132">
     <span class='ocr_line' id='line_1_30' title="bbox 0 0 1208 4132; baseline 0 2"><span class='ocrx_word' id='word_1_159' title='bbox 0 0 1208 4132; x_wconf 95' lang='lat' dir='ltr'> </span> 
     </span>
    </p>
   </div>
  </div>
 </body>
</html>
