2408 4132
151 313 216 378 230
476 312 513 367 M.
532 312 613 367 VAL.
632 310 829 367 uramara

196 473 368 559 Strataque
390 495 456 539 non
478 496 559 539 unas
583 475 717 559 cingant
738 473 880 538 triclinia
902 471 1001 538 Baias

238 563 285 627 Et
307 563 419 627 Thetis
442 565 608 648 unguento
632 561 756 645 palleat
778 565 878 626 uncta
900 566 971 644 tuo,

169 649 341 716 5Candida
363 649 467 715 Setini
489 653 642 735 rumpant
664 650 820 734 crystalla
842 651 993 726 trientes.

239 739 388 804 Dormiat
410 741 445 802 in
467 740 578 823 pluma
599 760 658 803 nec
682 739 814 803 meliore
837 736 963 802 Venus:

195 828 247 891 Ad
269 830 428 892 nocturna
450 828 535 892 iaces
558 827 700 891 fastosae
723 827 839 891 limina
860 826 1028 910 moechae,

238 915 284 980 Et
307 915 429 997 madet,
451 916 528 999 heu,
550 915 693 980 lacrimis
717 916 814 980 ianua
836 914 934 978 surda
956 914 1036 997 tuis,

194 1003 295 1068 Urere
318 1025 377 1068 nec
400 1003 554 1068 miserum
577 1006 706 1068 cessant
729 1003 871 1088 suspiria
893 1006 1015 1086 pectus.

153 1109 184 1156 10
237 1090 296 1156 Vis
320 1092 438 1177 dicam,
461 1093 545 1157 male
569 1093 612 1156 sit
635 1113 691 1157 cur
712 1091 788 1175 tibi,
811 1090 932 1157 Cotta?
954 1091 1035 1156 bene
1059 1096 1120 1155 est.

195 1336 315 1402 Cedere
338 1338 378 1402 de
399 1338 521 1403 nostris
544 1339 626 1402 nulli
649 1342 682 1403 te
706 1337 785 1402 diois
809 1337 931 1401 amicis.

238 1424 313 1509 Sed,
337 1427 381 1490 sit
404 1430 440 1490 ut
462 1427 524 1491 hoc
543 1448 667 1509 verum,
686 1426 774 1510 quid,
793 1447 888 1511 rogo,
907 1423 1033 1510 Crispe,
1052 1425 1160 1491 facis?

193 1513 308 1578 Mutua
330 1535 402 1578 cum
424 1519 567 1599 peterem
591 1515 740 1579 sestertia
763 1516 917 1598 quinque,
939 1515 1084 1599 negasti,

238 1600 315 1667 Non
337 1606 465 1686 caperet
488 1624 637 1666 nummos
660 1624 733 1667 cum
756 1602 864 1688 gravis
889 1623 964 1666 arca
986 1607 1072 1667 tuos.

169 1689 331 1766 oQuando
353 1689 449 1754 fabae
471 1690 616 1754 modium
637 1690 732 1755 nobis
754 1692 892 1755 farrisve
915 1689 1045 1774 dedisti,

239 1776 319 1843 Cum
342 1782 399 1842 tua
422 1776 569 1843 Niliacus
592 1800 668 1843 rura
691 1779 824 1843 colonus
848 1778 940 1843 aret?

195 1865 328 1942 Quando
339 1866 447 1931 brevis
457 1867 583 1949 gelidae
593 1867 749 1932 missaest
759 1871 837 1952 toga
846 1866 1160 1951 temporebrumae?

238 1955 376 2040 Argenti
399 1955 487 2019 venit
511 1955 639 2039 quando
663 1955 783 2020 selibra
806 1955 909 2019 mihi?

194 2041 252 2106 Nil
275 2042 363 2107 aliud
386 2044 491 2127 video,
515 2049 634 2128 quote
658 2043 824 2110 credamus
849 2043 1000 2127 amicum,

152 2147 184 2195 ro
239 2131 343 2208 Quam
366 2132 451 2217 quod
474 2155 525 2197 me
548 2154 656 2198 coram
678 2133 807 2218 pedere,
829 2129 958 2216 Crispe,
981 2132 1078 2197 soles.

618 2271 689 2338 XV.

193 2368 333 2434 Dotatae
356 2371 449 2434 uxori
472 2390 527 2434 cor
549 2370 730 2434 harundine
752 2369 825 2433 fixit
848 2372 956 2452 acuta,

238 2457 300 2522 Sed
322 2458 398 2522 dum
421 2457 504 2522 ludit
526 2458 628 2544 Aper:
652 2458 761 2522 ludere
784 2457 877 2522 novit
899 2458 996 2543 Aper.

609 2607 696 2673 XVI.

194 2703 228 2769 Si
251 2705 371 2767 donare
392 2725 489 2768 vocas
512 2706 702 2786 promittere
725 2725 784 2769 nec
807 2704 897 2787 dare,
920 2703 996 2788 Gai,

237 2790 372 2855 Vincam
395 2795 429 2855 te
452 2791 544 2856 donis
567 2793 817 2877 muneribusque
840 2793 929 2857 meis.

193 2880 313 2962 Accipe
335 2877 487 2943 Callaicis
511 2880 665 2964 quidquid
686 2880 770 2945 fodit
792 2880 895 2945 Astur
916 2881 951 2945 in
974 2881 1074 2966 arvis,

237 2968 346 3032 Aurea
369 2967 525 3052 quidquid
547 2967 648 3032 habet
670 2967 780 3034 divitis
803 2969 890 3033 unde
912 2968 1008 3054 Tagi,

167 3055 355 3138 sQuidquid
377 3056 564 3139 Erythraea
585 3058 678 3142 niger
700 3057 824 3122 invenit
845 3057 944 3122 indus
967 3059 1002 3122 in
1025 3059 1119 3145 alga,

239 3144 399 3229 Quidquid
423 3146 511 3209 etin
533 3145 618 3210 nidis
641 3146 736 3211 unica
759 3154 866 3210 servat
889 3145 973 3230 avis,
1001 3202 1003 3207 .

192 3232 356 3318 Quidquid
378 3233 549 3319 Agenoreo
572 3235 676 3318 Tyros
697 3234 846 3318 improba
868 3234 958 3320 cogit
981 3233 1104 3301 aheno:

237 3320 398 3407 Quidquid
421 3320 544 3387 habent
566 3343 691 3401 omnes,
715 3322 835 3407 accipe,
858 3323 1019 3407 quomodo
1044 3323 1114 3392 das.

598 3462 695 3529 XVII

188 3558 407 3627 Saturnalicio
430 3559 576 3626 Macrum
598 3513 748 3627 fraudare
769 3561 894 3628 tributo

127 3730 130 3736 .
219 3647 377 3739 Frustra,
400 3649 514 3740 Musa,
539 3651 644 3740 cupis:
664 3650 847 3719 nonlicet:
864 3651 936 3735 ipse
956 3649 1056 3734 petit,
