2408 4132
135 422 178 486 66
462 421 499 474 M
517 421 600 478 VAL.
619 419 817 480 MARTIALIS

178 581 319 647 Massica
341 584 431 648 solus
453 583 554 648 habes
577 587 611 648 et
633 581 742 667 Opimi
765 581 913 648 Caecuba
935 584 1041 668 solus,

223 671 269 735 Et
292 693 347 736 cor
368 672 457 736 solus
479 673 594 756 habes,
617 672 706 736 solus
730 674 763 734 et
784 671 961 756 ingenium.

153 758 297 824 50mnia
319 761 409 825 solus
431 761 545 824 habes:
567 782 609 824 ne
631 782 683 823 me
705 764 786 842 puta
807 760 892 824 velle
914 763 1050 845 negare!

223 846 366 921 Uxorem
388 849 445 913 sed
466 849 583 932 habes,
605 846 760 931 Candide,
782 869 856 912 cum
878 849 1010 932 populo.

569 988 706 1054 XXVIL

180 1094 355 1180 Nunquam
378 1117 430 1159 me
451 1117 597 1179 revocas,
620 1094 730 1158 venias
752 1117 826 1160 cum
848 1117 944 1180 saepe
966 1100 1116 1162 vocatus:

224 1183 379 1267 Ignosco,
401 1184 528 1248 nullum
551 1184 579 1247 si
601 1183 712 1267 modo,
735 1181 843 1267 Galle,
865 1206 972 1250 vocas.

179 1271 303 1336 Invitas
327 1273 424 1336 alios:
446 1274 564 1337 vitium
583 1276 633 1334 est
651 1271 828 1356 utriusque.
855 1270 1008 1354 „Quodl‘
1025 1273 1151 1360 inquis.

224 1360 271 1424 Et
294 1361 375 1424 mihi
397 1382 454 1426 cor
473 1382 540 1424 non
563 1365 625 1444 est,
648 1364 681 1423 et
703 1360 778 1444 tibi,
801 1359 909 1444 Galle,
930 1361 1044 1445 pudor.

568 1499 720 1564 XXVIII.

63 1674 69 1687 ,
103 1586 121 1636 l
181 1607 369 1671 Auriculam
390 1607 496 1670 Mario
519 1608 662 1690 graviter
685 1606 813 1670 miraris
837 1608 933 1671 olere.

226 1695 274 1759 Tu
296 1695 378 1760 facis
400 1696 477 1759 hoc:
499 1695 620 1780 garris,
642 1692 778 1777 Nestor,
799 1697 834 1758 in
856 1696 1044 1763 auriculam.

585 1835 704 1900 XXIX.

181 1942 251 2006 Has
274 1965 347 2007 cum
370 1943 501 2026 gemina
522 1943 676 2026 compede
699 1941 826 2006 dedicat
847 1947 993 2027 catenus,

183 2030 335 2115 Saturne,
357 2032 419 2095 fibi
441 2030 565 2116 Zoilus,
586 2031 701 2095 anulos
724 2031 858 2115 priores.

593 2171 696 2236 XXX

184 2279 338 2364 Sportula
359 2280 451 2344 nulla
474 2279 583 2362 datur,
606 2279 710 2363 gratis
734 2278 870 2343 conviva
892 2278 1068 2344 recumbis:

226 2369 288 2434 oie
311 2368 404 2451 mim,
427 2367 505 2452 quid
527 2367 664 2446 nomae,
688 2365 889 2452 Gargiliane,
910 2367 1015 2432 fons
1076 2338 1130 2441 l
1177 2441 1181 2445 ,

97 2442 117 2517 l
182 2456 276 2521 Unde
297 2456 358 2520 tibi
380 2457 495 2540 togula
517 2461 623 2520 estet
645 2448 754 2519 fuscile
775 2456 888 2538 pensio
911 2446 1090 2521 cellae?
1123 2466 1198 2551 '5⁴

227 2545 320 2610 Unde
343 2545 439 2608 datur
461 2545 645 2629 quadrans?
667 2543 752 2606 unde
774 2544 824 2608 vir
846 2566 880 2608 ea
903 2543 1110 2641 Chionesl-q·
1132 2560 1191 2637 'f

158 2632 265 2697 oCum
288 2633 414 2697 ratione
437 2633 513 2697 licet
537 2633 624 2697 dicas
646 2636 679 2694 te
702 2632 811 2695 vivere
834 2654 975 2718 summa,
1062 2604 1196 2719 aas

229 2721 322 2796 Quod
344 2722 441 2804 vivis,
463 2721 555 2785 nulla
579 2742 652 2784 cum
673 2719 799 2784 ratione
822 2720 914 2786 facis.

186 2966 269 3032 Sunt
291 2966 366 3050 tibi,
388 2967 557 3048 confiteor,
580 2966 689 3031 diffusi
710 2968 824 3051 iugera
846 2969 953 3052 campi

229 3053 416 3139 Urbanique
439 3058 552 3119 tenent
573 3055 706 3140 praedia
728 3057 831 3120 multa
853 3057 952 3140 lares,

185 3145 231 3208 Et
254 3144 354 3206 servit
376 3143 525 3208 dominae
548 3166 738 3209 numerosus
762 3145 889 3208 debitor
911 3168 1006 3210 arcae

231 3229 461 3316 Sustentatque
482 3237 557 3296 tuas
580 3255 677 3297 aurea
698 3255 808 3298 massa
830 3234 937 3318 dapes.

160 3319 347 3384 5Fastidire
368 3325 478 3385 tamen
499 3322 582 3405 noli,
606 3322 733 3406 Rufino,
755 3322 909 3412 minores:

230 3409 308 3473 Plus
331 3410 446 3474 habuit
468 3409 640 3493 Didymae,
662 3411 737 3496 plus
759 3409 961 3476 Philomelus
984 3411 1094 3478 habet.

579 3568 714 3634 XXXII.

187 3675 241 3740 An
262 3676 387 3758 possim
408 3676 551 3741 vetulam
574 3677 717 3762 quaene,
741 3675 919 3741 Matronia:
941 3697 1075 3759 possum

226 3763 277 3828 Et
300 3765 456 3851 vetulam,
479 3765 537 3830 sed
558 3769 596 3830 tu
618 3771 760 3852 mortua,
781 3786 846 3830 non
869 3766 979 3829 vetula
1001 3786 1045 3829 es.
