2408 4132
91 310 155 374 342
418 310 454 365 Μ.
474 309 552 364 Vnt.
572 308 772 363 MARTIALIS

514 469 669 553 Cymbala.

135 575 222 640 Aera
244 573 438 640 Celaenaeos
462 575 607 660 lugentia
631 576 744 640 matris
768 597 895 640 amores
950 648 953 655 ¹

178 665 334 729 Esuriens
358 661 472 728 Gallus
496 665 633 728 vendere
657 686 752 747 saepe
777 663 870 727 solet.

492 803 584 870 OOV.
608 803 699 870 Puer.

136 901 186 967 Sit
207 903 302 968 nobis
326 905 432 966 aetate
455 923 548 986 puer,
571 923 638 965 non
661 902 787 985 pumice
810 901 905 984 levis,

179 991 316 1076 Propter
339 1012 434 1074 quem
456 989 585 1074 placeat
605 990 696 1053 nulla
717 989 827 1074 puella
850 989 944 1055 mihi.

541 1128 649 1195 Cestos.

137 1227 230 1294 Collo
254 1231 361 1310 noete,
383 1248 476 1311 puer,
500 1247 606 1290 meros
631 1248 771 1308 amores,

136 1314 258 1381 Ceston
280 1317 318 1380 de
340 1314 478 1380 Veneris
502 1316 574 1380 sinu
598 1316 765 1380 calentem.

547 1455 643 1520 Idem.

136 1550 232 1617 Sume
256 1551 445 1635 Cytheriaco
470 1551 665 1615 medicatum
686 1555 816 1616 nectare
840 1556 968 1618 seston:

180 1639 274 1705 Ussit
298 1643 476 1704 amatorem
498 1640 626 1703 balteus
649 1641 712 1703 iste
735 1639 854 1705 Iovem.

432 1777 574 1845 CCVIII.
598 1781 758 1846 Notarius.

137 1877 277 1944 Currant
299 1878 399 1942 verbe
422 1877 512 1958 lieet,
536 1899 650 1941 manus
674 1881 724 1941 est
746 1877 889 1944 velocior
911 1879 997 1946 illis:

180 1965 334 2032 Nondum
355 1966 469 2051 lingua
492 1988 598 2050 suum,
623 1964 733 2030 dextra
755 1967 883 2052 peregit
906 1989 1001 2051 opus.

532 2104 661 2171 Concha.

136 2215 232 2280 Levis
256 2215 297 2279 ab
322 2235 480 2297 aequorea
504 2217 613 2277 cortex
635 2211 811 2277 Mareotica
834 2213 960 2280 coneha

180 2302 267 2368 Fiat:
290 2303 448 2367 inoffensa
471 2302 572 2366 eurrit
594 2301 741 2365 harundo
764 2301 825 2365 via.

482 2441 573 2508 CCX.
596 2443 710 2508 Morio.

137 2552 213 2617 Non
235 2550 371 2613 mendax
395 2553 508 2634 stupor
531 2552 593 2631 est,
616 2570 675 2613 nee
697 2549 832 2634 fingitur
854 2551 926 2613 arte
949 2549 1082 2620 dolosa.

182 2638 333 2721 Quisquis
355 2637 429 2722 plus
453 2639 538 2702 iusto
561 2660 627 2702 non
651 2637 749 2722 sapit,
772 2637 829 2701 ille
852 2638 948 2722 sapit.

437 2775 539 2859 Caput
559 2780 757 2845 vervecinum.

137 2883 253 2949 Mollia
275 2882 405 2946 Phrixei
428 2883 560 2946 secuisti
583 2882 668 2947 oolla
690 2883 809 2948 mariti.

181 2971 254 3037 Hoo
277 2971 395 3034 meruit
417 2969 560 3034 tunicam
584 2973 639 3053 qui
662 2972 736 3054 tibi,
760 2993 866 3050 saeve,
890 2972 1008 3041 dedit?

447 3108 573 3176 CCXII.
596 3111 750 3180 Pumilus

138 3217 174 3284 si
197 3218 301 3284 solum
324 3221 450 3301 spectes
473 3217 613 3281 hominis
638 3221 747 3302 eaput,
769 3217 913 3282 Hectora
936 3223 1071 3291 eredas:

184 3305 219 3374 Si
243 3310 382 3371 stantem
406 3305 529 3390 videas,
551 3305 753 3389 Astyanacta
775 3310 880 3392 putes.

534 3447 663 3512 Parma.

134 3554 240 3640 Haeo,
265 3576 348 3642 quae
372 3575 467 3642 saepe
491 3554 575 3618 solet
597 3553 695 3636 vinei,
719 3576 799 3638 quae
823 3553 951 3619 vincere
976 3578 1073 3648 raro,

171 3645 299 3716 Parma
322 3648 401 3738 tibi,
425 3648 558 3715 soutum
577 3643 771 3744 PQQS
791 3641 865 3704 erit.
