2408 4132
131 340 195 405 334
455 338 492 395 M.
512 338 593 392 VAL.
612 334 811 390 MARTIALIS

401 558 403 562 ,
503 498 647 565 CXXIV.
672 500 764 581 Topu.

174 607 338 671 Romanos
361 628 469 670 rerum
494 605 640 670 dominos
665 609 859 689 gentemque
881 605 1034 689 togatam

217 695 277 758 Ille
299 694 391 778 facit,
414 715 533 778 magno
557 693 612 777 qui
636 691 724 757 dedit
748 695 836 756 astra
858 691 954 776 patri,

583 833 680 899 Idem.

175 932 209 997 si
232 930 410 996 matutinos
432 929 530 994 facile
553 930 689 995 esttibi
711 929 844 1014 perdere
868 951 1014 1014 somnos,

217 1020 345 1085 Attrita
368 1019 476 1083 veniet
499 1021 646 1102 sportula
668 1040 764 1104 saepe
787 1023 873 1103 toga.

543 1159 722 1225 Endromis.

173 1258 329 1343 Pauperis
353 1261 403 1322 est
426 1278 556 1339 munus,
580 1256 723 1321 sednon
746 1259 796 1320 est
818 1256 969 1340 pauperis
993 1277 1090 1322 usus:

217 1347 311 1412 Hanc
333 1346 394 1410 tibi
416 1367 476 1430 pro
499 1347 593 1410 laena
615 1344 775 1409 mittimus
800 1344 997 1409 endromida.

387 1485 546 1551 cxxvn
570 1483 747 1551 Oouusiuoe
766 1487 880 1566 fuscae.

175 1592 265 1657 Haec
288 1592 349 1656 tibi
371 1592 504 1656 turbato
529 1591 691 1656 Canusina
715 1591 883 1655 simillima
906 1589 1014 1656 mulso

218 1681 337 1745 Munus
361 1679 431 1743 erit.
469 1678 594 1744 Gaude:
615 1702 682 1744 non
705 1679 769 1744 clto
793 1681 850 1743 fiet
873 1700 963 1744 anus.

507 1821 761 1887 Bardocucullus.

177 1917 284 1982 Gallia
309 1915 483 1983 Santonico
507 1919 607 1982 vestit
628 1922 662 1982 te
687 1917 924 1983 bardocucullo.

221 2005 524 2091 Cercopithecorum
547 2007 686 2090 paenula
707 2028 810 2091 nuper
833 2009 911 2071 erat.

405 2146 546 2214 CXXIX.
571 2146 748 2213 Ouuusiuuc
769 2148 867 2227 rufae.

176 2255 282 2318 Roma
304 2254 409 2339 magis
432 2253 532 2318 fuscis
555 2253 705 2332 vestitur,
730 2250 837 2317 Gallia
859 2252 951 2337 rufis,
1049 2324 1052 2331 ⁸

220 2343 264 2406 Et
286 2343 392 2426 placet
414 2341 467 2406 hic
490 2342 598 2426 pueris
621 2340 844 2424 militibusque
867 2342 965 2406 color.

493 2483 635 2548 Pucuulu
656 2487 778 2546 scortea.

175 2580 362 2665 Ingrediare
385 2579 473 2645 riam
495 2581 584 2644 caelo
606 2579 682 2643 licet
704 2600 806 2663 usque
830 2600 956 2664 sereno,

219 2668 273 2732 Ad
296 2669 420 2733 subitas
442 2689 608 2751 nunquam
632 2671 758 2731 scortea
782 2667 864 2732 desit
886 2690 997 2752 aquas.

384 2806 526 2872 CXXXI.
549 2808 707 2871 Lacernae
728 2810 885 2876 cocciucuc.

177 2912 212 2978 Si
233 2917 350 2978 veneto
373 2912 545 2997 prasinove
567 2911 670 2995 faves,
694 2914 769 2995 quid
794 2915 924 2980 coccina
946 2920 1085 2986 sumes?

219 3001 270 3067 Ne
292 3002 353 3067 fias
376 3003 439 3066 istc
461 3000 633 3085 transfuga
656 3006 757 3086 sorte,
780 3003 861 3068 vide.

563 3142 704 3208 Pilleum.

176 3247 212 3314 si
233 3271 375 3333 possem,
398 3252 486 3314 totas
511 3270 659 3334 cuperem
682 3247 810 3313 misisse
833 3249 995 3318 lacernas:

221 3337 316 3403 Nunc
338 3341 466 3402 tanturn
490 3338 590 3422 capiti
613 3359 746 3401 munera
768 3337 863 3402 mitto
887 3342 952 3404 tuo.

370 3478 545 3544 CXXXIII.
568 3479 724 3543 Lauuuae
746 3478 901 3544 Baeticae.

171 3585 248 3654 Non
273 3588 324 3653 est
347 3585 425 3652 lana
445 3585 526 3652 mihi
548 3585 699 3668 mendax,
724 3606 783 3649 nec
806 3589 915 3650 mutor
938 3585 1056 3657 ahena

208 3676 266 3748 Sic
285 3679 449 3769 placeant
471 3676 611 3766 Tyriae:
630 3696 686 3741 me
704 3673 901 3743 mutiunt
919 3675 1001 3738 ὡς.
