<?xml version="1.0" encoding="UTF-8"?>
<!DOCTYPE html PUBLIC "-//W3C//DTD XHTML 1.0 Transitional//EN"
    "http://www.w3.org/TR/xhtml1/DTD/xhtml1-transitional.dtd">
<html xmlns="http://www.w3.org/1999/xhtml" xml:lang="en" lang="en">
 <head>
  <title>
</title>
<meta http-equiv="Content-Type" content="text/html;charset=utf-8" />
  <meta name='ocr-system' content='tesseract 3.04.00' />
  <meta name='ocr-capabilities' content='ocr_page ocr_carea ocr_par ocr_line ocrx_word'/>
</head>
<body>
  <div class='ocr_page' id='page_1' title='image "./mvaleriimartial00gilbgoog/mvaleriimartial00gilbgoog_0235.png"; bbox 0 0 2408 4132; ppageno 0'>
   <div class='ocr_carea' id='block_1_1' title="bbox 72 33 1194 235">
    <p class='ocr_par' dir='ltr' id='par_1_1' title="bbox 72 33 1194 235">
     <span class='ocr_line' id='line_1_1' title="bbox 72 33 1194 235; baseline -0.012 1"><span class='ocrx_word' id='word_1_1' title='bbox 72 33 1194 235; x_wconf 71' lang='grc'><strong>“·····“···</strong></span> 
     </span>
    </p>
   </div>
   <div class='ocr_carea' id='block_1_2' title="bbox 146 475 824 543">
    <p class='ocr_par' dir='ltr' id='par_1_2' title="bbox 146 475 824 543">
     <span class='ocr_line' id='line_1_2' title="bbox 146 475 824 543; baseline -0.019 0"><span class='ocrx_word' id='word_1_2' title='bbox 146 479 207 543; x_wconf 89' lang='grc'>188</span> <span class='ocrx_word' id='word_1_3' title='bbox 413 528 415 533; x_wconf 97' lang='grc'>.</span> <span class='ocrx_word' id='word_1_4' title='bbox 469 477 506 531; x_wconf 81' lang='grc' dir='ltr'>Μ.</span> <span class='ocrx_word' id='word_1_5' title='bbox 525 475 606 530; x_wconf 83' lang='lat' dir='ltr'><strong>VAL.</strong></span> <span class='ocrx_word' id='word_1_6' title='bbox 626 475 824 530; x_wconf 80' lang='lat' dir='ltr'>MARTIALIS</span> 
     </span>
    </p>
   </div>
   <div class='ocr_carea' id='block_1_3' title="bbox 146 637 1118 2048">
    <p class='ocr_par' dir='ltr' id='par_1_3' title="bbox 146 637 1118 2048">
     <span class='ocr_line' id='line_1_3' title="bbox 187 637 1021 723; baseline -0.004 -18"><span class='ocrx_word' id='word_1_7' title='bbox 187 640 282 705; x_wconf 89' lang='lat' dir='ltr'>Hunc</span> <span class='ocrx_word' id='word_1_8' title='bbox 304 661 363 704; x_wconf 90' lang='lat' dir='ltr'>nec</span> <span class='ocrx_word' id='word_1_9' title='bbox 386 637 565 722; x_wconf 78' lang='lat' dir='ltr'>Cinyphius</span> <span class='ocrx_word' id='word_1_10' title='bbox 588 643 700 703; x_wconf 80' lang='lat' dir='ltr'><strong>tonsor</strong></span> <span class='ocrx_word' id='word_1_11' title='bbox 722 639 906 723; x_wconf 76' lang='lat' dir='ltr'>violarent,</span> <span class='ocrx_word' id='word_1_12' title='bbox 929 642 962 702; x_wconf 89' lang='lat' dir='ltr'>et</span> <span class='ocrx_word' id='word_1_13' title='bbox 985 642 1021 702; x_wconf 89' lang='lat' dir='ltr'>tu</span> 
     </span>
     <span class='ocr_line' id='line_1_4' title="bbox 184 725 852 812; baseline -0.003 -20"><span class='ocrx_word' id='word_1_14' title='bbox 184 755 186 759; x_wconf 62' lang='grc'>’</span> <span class='ocrx_word' id='word_1_15' title='bbox 233 728 306 812; x_wconf 90' lang='lat' dir='ltr'>Ipse</span> <span class='ocrx_word' id='word_1_16' title='bbox 329 732 386 791; x_wconf 87' lang='lat' dir='ltr'>tua</span> <span class='ocrx_word' id='word_1_17' title='bbox 409 727 498 810; x_wconf 88' lang='lat' dir='ltr'>pasci</span> <span class='ocrx_word' id='word_1_18' title='bbox 520 727 600 811; x_wconf 83' lang='lat' dir='ltr'>vite,</span> <span class='ocrx_word' id='word_1_19' title='bbox 623 725 742 810; x_wconf 71' lang='lat' dir='ltr'>Lyaeo,</span> <span class='ocrx_word' id='word_1_20' title='bbox 765 727 852 792; x_wconf 88' lang='lat' dir='ltr'>velis.</span> 
     </span>
     <span class='ocr_line' id='line_1_5' title="bbox 189 815 1117 901; baseline 0 -21"><span class='ocrx_word' id='word_1_21' title='bbox 189 818 294 901; x_wconf 82' lang='lat' dir='ltr'>Terga</span> <span class='ocrx_word' id='word_1_22' title='bbox 317 816 436 900; x_wconf 90' lang='lat' dir='ltr'>premit</span> <span class='ocrx_word' id='word_1_23' title='bbox 458 815 589 897; x_wconf 89' lang='lat' dir='ltr'>pecudis</span> <span class='ocrx_word' id='word_1_24' title='bbox 612 815 750 898; x_wconf 80' lang='lat' dir='ltr'>geminis</span> <span class='ocrx_word' id='word_1_25' title='bbox 774 815 876 879; x_wconf 80' lang='lat' dir='ltr'>Amor</span> <span class='ocrx_word' id='word_1_26' title='bbox 899 837 1014 879; x_wconf 90' lang='lat' dir='ltr'>aureus</span> <span class='ocrx_word' id='word_1_27' title='bbox 1039 816 1117 901; x_wconf 85' lang='lat' dir='ltr'>alis,</span> 
     </span>
     <span class='ocr_line' id='line_1_6' title="bbox 233 903 920 969; baseline -0.004 0"><span class='ocrx_word' id='word_1_28' title='bbox 233 905 400 969; x_wconf 87' lang='lat' dir='ltr'>Palladius</span> <span class='ocrx_word' id='word_1_29' title='bbox 423 907 534 967; x_wconf 89' lang='lat' dir='ltr'>tenero</span> <span class='ocrx_word' id='word_1_30' title='bbox 557 903 644 968; x_wconf 93' lang='lat' dir='ltr'>lotos</span> <span class='ocrx_word' id='word_1_31' title='bbox 668 905 709 968; x_wconf 89' lang='lat' dir='ltr'>ab</span> <span class='ocrx_word' id='word_1_32' title='bbox 734 925 788 968; x_wconf 90' lang='lat' dir='ltr'>ore</span> <span class='ocrx_word' id='word_1_33' title='bbox 812 908 920 968; x_wconf 90' lang='lat' dir='ltr'>sonat:</span> 
     </span>
     <span class='ocr_line' id='line_1_7' title="bbox 147 991 949 1076; baseline 0 -20"><span class='ocrx_word' id='word_1_34' title='bbox 147 1009 179 1057; x_wconf 81' lang='lat'>15</span> <span class='ocrx_word' id='word_1_35' title='bbox 190 993 243 1059; x_wconf 84' lang='lat' dir='ltr'>Sic</span> <span class='ocrx_word' id='word_1_36' title='bbox 264 992 492 1076; x_wconf 73' lang='lat' dir='ltr'>Methymnaeo</span> <span class='ocrx_word' id='word_1_37' title='bbox 517 991 647 1076; x_wconf 85' lang='lat' dir='ltr'>gavisus</span> <span class='ocrx_word' id='word_1_38' title='bbox 670 991 792 1057; x_wconf 81' lang='lat' dir='ltr'>Arione</span> <span class='ocrx_word' id='word_1_39' title='bbox 816 991 949 1075; x_wconf 80' lang='lat' dir='ltr'><strong>delphin</strong></span> 
     </span>
     <span class='ocr_line' id='line_1_8' title="bbox 232 1079 1059 1166; baseline 0 -21"><span class='ocrx_word' id='word_1_40' title='bbox 232 1080 401 1166; x_wconf 81' lang='lat' dir='ltr'>Languida</span> <span class='ocrx_word' id='word_1_41' title='bbox 423 1102 489 1144; x_wconf 90' lang='lat' dir='ltr'>non</span> <span class='ocrx_word' id='word_1_42' title='bbox 512 1079 648 1144; x_wconf 88' lang='lat' dir='ltr'>tacitum</span> <span class='ocrx_word' id='word_1_43' title='bbox 671 1102 729 1166; x_wconf 92' lang='lat' dir='ltr'>per</span> <span class='ocrx_word' id='word_1_44' title='bbox 750 1079 836 1144; x_wconf 87' lang='lat' dir='ltr'>freta</span> <span class='ocrx_word' id='word_1_45' title='bbox 858 1081 946 1145; x_wconf 83' lang='lat' dir='ltr'>vexit</span> <span class='ocrx_word' id='word_1_46' title='bbox 969 1101 1059 1146; x_wconf 89' lang='lat' dir='ltr'>onus.</span> 
     </span>
     <span class='ocr_line' id='line_1_9' title="bbox 189 1167 1026 1254; baseline -0.002 -20"><span class='ocrx_word' id='word_1_47' title='bbox 189 1170 319 1234; x_wconf 91' lang='lat' dir='ltr'>Imbuat</span> <span class='ocrx_word' id='word_1_48' title='bbox 343 1168 509 1254; x_wconf 84' lang='lat' dir='ltr'>egregium</span> <span class='ocrx_word' id='word_1_49' title='bbox 533 1167 631 1253; x_wconf 85' lang='lat' dir='ltr'>digno</span> <span class='ocrx_word' id='word_1_50' title='bbox 655 1168 737 1232; x_wconf 89' lang='lat' dir='ltr'>mihi</span> <span class='ocrx_word' id='word_1_51' title='bbox 759 1172 888 1233; x_wconf 87' lang='lat' dir='ltr'>nectare</span> <span class='ocrx_word' id='word_1_52' title='bbox 910 1191 1026 1232; x_wconf 89' lang='lat' dir='ltr'>munus</span> 
     </span>
     <span class='ocr_line' id='line_1_10' title="bbox 234 1256 1102 1342; baseline -0.001 -20"><span class='ocrx_word' id='word_1_53' title='bbox 234 1258 308 1323; x_wconf 92' lang='lat' dir='ltr'>Non</span> <span class='ocrx_word' id='word_1_54' title='bbox 331 1278 429 1342; x_wconf 83' lang='lat' dir='ltr'>grege</span> <span class='ocrx_word' id='word_1_55' title='bbox 453 1256 491 1319; x_wconf 92' lang='lat' dir='ltr'>de</span> <span class='ocrx_word' id='word_1_56' title='bbox 514 1256 648 1334; x_wconf 89' lang='lat' dir='ltr'>domini,</span> <span class='ocrx_word' id='word_1_57' title='bbox 673 1257 728 1321; x_wconf 91' lang='lat' dir='ltr'>sed</span> <span class='ocrx_word' id='word_1_58' title='bbox 750 1260 819 1340; x_wconf 87' lang='lat' dir='ltr'>tua,</span> <span class='ocrx_word' id='word_1_59' title='bbox 843 1256 951 1340; x_wconf 76' lang='lat' dir='ltr'>(leste,</span> <span class='ocrx_word' id='word_1_60' title='bbox 974 1278 1102 1340; x_wconf 80' lang='lat' dir='ltr'>manus3</span> 
     </span>
     <span class='ocr_line' id='line_1_11' title="bbox 190 1343 1001 1431; baseline -0.005 -19"><span class='ocrx_word' id='word_1_61' title='bbox 190 1346 297 1431; x_wconf 79' lang='lat' dir='ltr'>Ceste,</span> <span class='ocrx_word' id='word_1_62' title='bbox 322 1345 416 1410; x_wconf 90' lang='lat' dir='ltr'>decus</span> <span class='ocrx_word' id='word_1_63' title='bbox 440 1366 582 1426; x_wconf 85' lang='lat' dir='ltr'>mensae,</span> <span class='ocrx_word' id='word_1_64' title='bbox 605 1346 704 1410; x_wconf 89' lang='lat' dir='ltr'>misce</span> <span class='ocrx_word' id='word_1_65' title='bbox 728 1343 853 1410; x_wconf 81' lang='lat' dir='ltr'>Setina:</span> <span class='ocrx_word' id='word_1_66' title='bbox 877 1345 1001 1410; x_wconf 88' lang='lat' dir='ltr'>videtur</span> 
     </span>
     <span class='ocr_line' id='line_1_12' title="bbox 146 1433 872 1520; baseline 0 -22"><span class='ocrx_word' id='word_1_67' title='bbox 146 1451 179 1499; x_wconf 79' lang='lat'>20</span> <span class='ocrx_word' id='word_1_68' title='bbox 233 1434 307 1520; x_wconf 89' lang='lat' dir='ltr'>Ipse</span> <span class='ocrx_word' id='word_1_69' title='bbox 331 1456 409 1517; x_wconf 91' lang='lat' dir='ltr'>puer</span> <span class='ocrx_word' id='word_1_70' title='bbox 430 1433 539 1517; x_wconf 84' lang='lat' dir='ltr'>nobis,</span> <span class='ocrx_word' id='word_1_71' title='bbox 562 1435 632 1517; x_wconf 88' lang='lat' dir='ltr'>ipse</span> <span class='ocrx_word' id='word_1_72' title='bbox 655 1434 745 1497; x_wconf 91' lang='lat' dir='ltr'>sitire</span> <span class='ocrx_word' id='word_1_73' title='bbox 769 1455 872 1517; x_wconf 89' lang='lat' dir='ltr'>caper.</span> 
     </span>
     <span class='ocr_line' id='line_1_13' title="bbox 189 1520 1005 1604; baseline -0.001 -17"><span class='ocrx_word' id='word_1_74' title='bbox 189 1523 254 1587; x_wconf 92' lang='lat' dir='ltr'>Det</span> <span class='ocrx_word' id='word_1_75' title='bbox 276 1544 447 1586; x_wconf 92' lang='lat' dir='ltr'>numerum</span> <span class='ocrx_word' id='word_1_76' title='bbox 470 1520 596 1604; x_wconf 87' lang='lat' dir='ltr'>cyathis</span> <span class='ocrx_word' id='word_1_77' title='bbox 619 1520 761 1586; x_wconf 78' lang='lat' dir='ltr'>Instanti</span> <span class='ocrx_word' id='word_1_78' title='bbox 784 1522 896 1586; x_wconf 88' lang='lat' dir='ltr'>littera</span> <span class='ocrx_word' id='word_1_79' title='bbox 918 1521 1005 1586; x_wconf 89' lang='lat' dir='ltr'><strong>Rufi:</strong></span> 
     </span>
     <span class='ocr_line' id='line_1_14' title="bbox 234 1610 935 1675; baseline -0.001 0"><span class='ocrx_word' id='word_1_80' title='bbox 234 1612 358 1675; x_wconf 79' lang='lat' dir='ltr'>Auctor</span> <span class='ocrx_word' id='word_1_81' title='bbox 382 1611 466 1675; x_wconf 87' lang='lat' dir='ltr'>enim</span> <span class='ocrx_word' id='word_1_82' title='bbox 489 1610 576 1673; x_wconf 91' lang='lat' dir='ltr'>tanti</span> <span class='ocrx_word' id='word_1_83' title='bbox 599 1610 740 1674; x_wconf 91' lang='lat' dir='ltr'>muneris</span> <span class='ocrx_word' id='word_1_84' title='bbox 763 1610 818 1674; x_wconf 88' lang='lat' dir='ltr'>ille</span> <span class='ocrx_word' id='word_1_85' title='bbox 842 1610 935 1674; x_wconf 85' lang='lat' dir='ltr'>mihi:</span> 
     </span>
     <span class='ocr_line' id='line_1_15' title="bbox 192 1696 1071 1783; baseline 0 -20"><span class='ocrx_word' id='word_1_86' title='bbox 192 1698 226 1763; x_wconf 83' lang='lat' dir='ltr'>Si</span> <span class='ocrx_word' id='word_1_87' title='bbox 249 1698 424 1763; x_wconf 84' lang='lat' dir='ltr'>Telethusa</span> <span class='ocrx_word' id='word_1_88' title='bbox 446 1696 536 1761; x_wconf 88' lang='lat' dir='ltr'>venit</span> <span class='ocrx_word' id='word_1_89' title='bbox 557 1699 781 1781; x_wconf 87' lang='lat' dir='ltr'>promissaque</span> <span class='ocrx_word' id='word_1_90' title='bbox 805 1699 924 1783; x_wconf 82' lang='lat' dir='ltr'>gaudia</span> <span class='ocrx_word' id='word_1_91' title='bbox 946 1701 1071 1782; x_wconf 86' lang='lat' dir='ltr'>portat,</span> 
     </span>
     <span class='ocr_line' id='line_1_16' title="bbox 236 1785 936 1871; baseline 0 -20"><span class='ocrx_word' id='word_1_92' title='bbox 236 1785 396 1851; x_wconf 82' lang='lat' dir='ltr'>Servabor</span> <span class='ocrx_word' id='word_1_93' title='bbox 420 1785 581 1869; x_wconf 82' lang='lat' dir='ltr'>dominae,</span> <span class='ocrx_word' id='word_1_94' title='bbox 604 1786 700 1869; x_wconf 83' lang='lat' dir='ltr'>Rufe,</span> <span class='ocrx_word' id='word_1_95' title='bbox 722 1787 842 1850; x_wconf 84' lang='lat' dir='ltr'>triente</span> <span class='ocrx_word' id='word_1_96' title='bbox 865 1791 936 1871; x_wconf 80' lang='lat' dir='ltr'>tu03</span> 
     </span>
     <span class='ocr_line' id='line_1_17' title="bbox 147 1874 1118 1960; baseline 0.002 -22"><span class='ocrx_word' id='word_1_97' title='bbox 147 1874 226 1940; x_wconf 75' lang='lat' dir='ltr'>aoSi</span> <span class='ocrx_word' id='word_1_98' title='bbox 250 1874 347 1938; x_wconf 90' lang='lat' dir='ltr'>dubia</span> <span class='ocrx_word' id='word_1_99' title='bbox 370 1877 433 1958; x_wconf 83' lang='lat' dir='ltr'>est,</span> <span class='ocrx_word' id='word_1_100' title='bbox 457 1876 609 1956; x_wconf 86' lang='lat' dir='ltr'>septunce</span> <span class='ocrx_word' id='word_1_101' title='bbox 632 1875 757 1957; x_wconf 77' lang='lat' dir='ltr'>trahar3</span> <span class='ocrx_word' id='word_1_102' title='bbox 781 1875 809 1938; x_wconf 91' lang='lat' dir='ltr'>si</span> <span class='ocrx_word' id='word_1_103' title='bbox 831 1875 918 1939; x_wconf 84' lang='lat' dir='ltr'>fallit</span> <span class='ocrx_word' id='word_1_104' title='bbox 941 1879 1118 1960; x_wconf 87' lang='lat' dir='ltr'>amantem,</span> 
     </span>
     <span class='ocr_line' id='line_1_18' title="bbox 235 1962 1057 2048; baseline -0.001 -20"><span class='ocrx_word' id='word_1_105' title='bbox 235 1962 281 2028; x_wconf 92' lang='lat' dir='ltr'>Ut</span> <span class='ocrx_word' id='word_1_106' title='bbox 303 1962 447 2046; x_wconf 84' lang='lat' dir='ltr'>iugulem</span> <span class='ocrx_word' id='word_1_107' title='bbox 471 1983 577 2045; x_wconf 86' lang='lat' dir='ltr'>curas,</span> <span class='ocrx_word' id='word_1_108' title='bbox 599 1983 719 2026; x_wconf 91' lang='lat' dir='ltr'>nomen</span> <span class='ocrx_word' id='word_1_109' title='bbox 742 1967 915 2048; x_wconf 90' lang='lat' dir='ltr'>utrumque</span> <span class='ocrx_word' id='word_1_110' title='bbox 937 1964 1057 2029; x_wconf 88' lang='lat' dir='ltr'>bibam.</span> 
     </span>
    </p>
   </div>
   <div class='ocr_carea' id='block_1_4' title="bbox 504 2092 686 2158">
    <p class='ocr_par' dir='ltr' id='par_1_4' title="bbox 504 2092 686 2158">
     <span class='ocr_line' id='line_1_19' title="bbox 504 2092 686 2158; baseline 0.011 -2"><span class='ocrx_word' id='word_1_111' title='bbox 504 2117 506 2122; x_wconf 60' lang='grc'>’</span> <span class='ocrx_word' id='word_1_112' title='bbox 617 2092 686 2158; x_wconf 87' lang='lat' dir='ltr'>LII.</span> 
     </span>
    </p>
   </div>
   <div class='ocr_carea' id='block_1_5' title="bbox 132 2191 862 3052">
    <p class='ocr_par' dir='ltr' id='par_1_5' title="bbox 166 2191 853 2630">
     <span class='ocr_line' id='line_1_20' title="bbox 191 2191 849 2277; baseline 0.003 -22"><span class='ocrx_word' id='word_1_113' title='bbox 191 2191 368 2256; x_wconf 82' lang='lat' dir='ltr'>Tonsorem</span> <span class='ocrx_word' id='word_1_114' title='bbox 391 2211 540 2274; x_wconf 87' lang='lat' dir='ltr'>puerum,</span> <span class='ocrx_word' id='word_1_115' title='bbox 564 2191 620 2254; x_wconf 90' lang='lat' dir='ltr'>sed</span> <span class='ocrx_word' id='word_1_116' title='bbox 644 2196 714 2256; x_wconf 89' lang='lat' dir='ltr'>arte</span> <span class='ocrx_word' id='word_1_117' title='bbox 736 2193 849 2277; x_wconf 87' lang='lat' dir='ltr'>talem,</span> 
     </span>
     <span class='ocr_line' id='line_1_21' title="bbox 192 2277 847 2366; baseline 0 -22"><span class='ocrx_word' id='word_1_118' title='bbox 192 2279 304 2356; x_wconf 84' lang='lat' dir='ltr'>Qualis</span> <span class='ocrx_word' id='word_1_119' title='bbox 327 2301 386 2345; x_wconf 90' lang='lat' dir='ltr'>nec</span> <span class='ocrx_word' id='word_1_120' title='bbox 409 2279 585 2344; x_wconf 81' lang='lat' dir='ltr'>Thalamus</span> <span class='ocrx_word' id='word_1_121' title='bbox 610 2280 672 2344; x_wconf 89' lang='lat' dir='ltr'>fuit</span> <span class='ocrx_word' id='word_1_122' title='bbox 695 2277 847 2366; x_wconf 84' lang='lat' dir='ltr'>Neronis,</span> 
     </span>
     <span class='ocr_line' id='line_1_22' title="bbox 191 2367 790 2452; baseline 0.003 -20"><span class='ocrx_word' id='word_1_123' title='bbox 191 2368 373 2433; x_wconf 86' lang='lat' dir='ltr'>Drusorum</span> <span class='ocrx_word' id='word_1_124' title='bbox 397 2372 448 2432; x_wconf 87' lang='lat' dir='ltr'>cui</span> <span class='ocrx_word' id='word_1_125' title='bbox 471 2367 634 2452; x_wconf 86' lang='lat' dir='ltr'>contigere</span> <span class='ocrx_word' id='word_1_126' title='bbox 657 2368 790 2448; x_wconf 87' lang='lat' dir='ltr'>barbae,</span> 
     </span>
     <span class='ocr_line' id='line_1_23' title="bbox 191 2456 853 2542; baseline 0 -20"><span class='ocrx_word' id='word_1_127' title='bbox 191 2458 386 2542; x_wconf 81' lang='lat' dir='ltr'>Aequandas</span> <span class='ocrx_word' id='word_1_128' title='bbox 410 2457 509 2521; x_wconf 90' lang='lat' dir='ltr'>semel</span> <span class='ocrx_word' id='word_1_129' title='bbox 533 2456 573 2520; x_wconf 91' lang='lat' dir='ltr'>ad</span> <span class='ocrx_word' id='word_1_130' title='bbox 596 2477 695 2540; x_wconf 82' lang='lat' dir='ltr'>genas</span> <span class='ocrx_word' id='word_1_131' title='bbox 718 2462 853 2542; x_wconf 83' lang='lat' dir='ltr'>rogatus</span> 
     </span>
     <span class='ocr_line' id='line_1_24' title="bbox 166 2544 753 2630; baseline 0.002 -22"><span class='ocrx_word' id='word_1_132' title='bbox 166 2546 291 2630; x_wconf 75' lang='lat' dir='ltr'>eltuto,</span> <span class='ocrx_word' id='word_1_133' title='bbox 315 2544 519 2624; x_wconf 82' lang='lat' dir='ltr'>Caediciane,</span> <span class='ocrx_word' id='word_1_134' title='bbox 542 2545 753 2610; x_wconf 82' lang='lat' dir='ltr'>commodavi.</span> 
     </span>
    </p>

    <p class='ocr_par' dir='ltr' id='par_1_6' title="bbox 192 2632 862 2980">
     <span class='ocr_line' id='line_1_25' title="bbox 192 2632 823 2718; baseline 0 -21"><span class='ocrx_word' id='word_1_135' title='bbox 192 2633 278 2699; x_wconf 93' lang='lat' dir='ltr'>Dum</span> <span class='ocrx_word' id='word_1_136' title='bbox 300 2634 408 2697; x_wconf 89' lang='lat' dir='ltr'>iussus</span> <span class='ocrx_word' id='word_1_137' title='bbox 430 2632 551 2716; x_wconf 89' lang='lat' dir='ltr'>repetit</span> <span class='ocrx_word' id='word_1_138' title='bbox 572 2632 657 2718; x_wconf 90' lang='lat' dir='ltr'>pilos</span> <span class='ocrx_word' id='word_1_139' title='bbox 681 2633 823 2717; x_wconf 85' lang='lat' dir='ltr'>eosdem,</span> 
     </span>
     <span class='ocr_line' id='line_1_26' title="bbox 194 2721 803 2807; baseline -0.003 -20"><span class='ocrx_word' id='word_1_140' title='bbox 194 2722 337 2787; x_wconf 82' lang='lat' dir='ltr'>Censura</span> <span class='ocrx_word' id='word_1_141' title='bbox 361 2721 482 2804; x_wconf 85' lang='lat' dir='ltr'>speculi</span> <span class='ocrx_word' id='word_1_142' title='bbox 505 2743 637 2785; x_wconf 92' lang='lat' dir='ltr'>manum</span> <span class='ocrx_word' id='word_1_143' title='bbox 659 2726 803 2807; x_wconf 83' lang='lat' dir='ltr'>regente,</span> 
     </span>
     <span class='ocr_line' id='line_1_27' title="bbox 192 2809 862 2894; baseline 0 -20"><span class='ocrx_word' id='word_1_144' title='bbox 192 2810 413 2893; x_wconf 78' lang='lat' dir='ltr'>Expingitque</span> <span class='ocrx_word' id='word_1_145' title='bbox 436 2813 541 2872; x_wconf 87' lang='lat' dir='ltr'>cutem</span> <span class='ocrx_word' id='word_1_146' title='bbox 564 2809 707 2892; x_wconf 90' lang='lat' dir='ltr'>facitque</span> <span class='ocrx_word' id='word_1_147' title='bbox 730 2810 862 2894; x_wconf 81' lang='lat' dir='ltr'>longam</span> 
     </span>
     <span class='ocr_line' id='line_1_28' title="bbox 193 2891 767 2980; baseline -0.002 -19"><span class='ocrx_word' id='word_1_148' title='bbox 193 2897 346 2961; x_wconf 87' lang='lat' dir='ltr'>Detonsis</span> <span class='ocrx_word' id='word_1_149' title='bbox 370 2896 601 2978; x_wconf 86' lang='lat' dir='ltr'>epaphaeresin</span> <span class='ocrx_word' id='word_1_150' title='bbox 625 2891 767 2980; x_wconf 65' lang='lat' dir='ltr'>capillis,</span> 
     </span>
    </p>

    <p class='ocr_par' dir='ltr' id='par_1_7' title="bbox 132 2983 846 3052">
     <span class='ocr_line' id='line_1_29' title="bbox 132 2983 846 3052; baseline -0.003 0"><span class='ocrx_word' id='word_1_151' title='bbox 132 3004 182 3052; x_wconf 16' lang='lat'>&#39;10</span> <span class='ocrx_word' id='word_1_152' title='bbox 193 2985 356 3049; x_wconf 89' lang='lat' dir='ltr'>Barbatus</span> <span class='ocrx_word' id='word_1_153' title='bbox 379 2983 460 3046; x_wconf 92' lang='lat' dir='ltr'>mihi</span> <span class='ocrx_word' id='word_1_154' title='bbox 483 2989 597 3048; x_wconf 89' lang='lat' dir='ltr'>tonsor</span> <span class='ocrx_word' id='word_1_155' title='bbox 620 2989 670 3048; x_wconf 91' lang='lat' dir='ltr'>est</span> <span class='ocrx_word' id='word_1_156' title='bbox 691 3007 846 3050; x_wconf 79' lang='lat' dir='ltr'>reversus</span> 
     </span>
    </p>
   </div>
   <div class='ocr_carea' id='block_1_6' title="bbox 613 3125 697 3191">
    <p class='ocr_par' dir='ltr' id='par_1_8' title="bbox 613 3125 697 3191">
     <span class='ocr_line' id='line_1_30' title="bbox 613 3125 697 3191; baseline 0.036 -3"><span class='ocrx_word' id='word_1_157' title='bbox 613 3125 697 3191; x_wconf 89' lang='lat' dir='ltr'>LIII.</span> 
     </span>
    </p>
   </div>
   <div class='ocr_carea' id='block_1_7' title="bbox 193 3221 904 3575">
    <p class='ocr_par' dir='ltr' id='par_1_9' title="bbox 193 3221 844 3396">
     <span class='ocr_line' id='line_1_31' title="bbox 193 3221 844 3309; baseline 0.002 -23"><span class='ocrx_word' id='word_1_158' title='bbox 193 3221 442 3287; x_wconf 84' lang='lat' dir='ltr'>Formosissima</span> <span class='ocrx_word' id='word_1_159' title='bbox 465 3243 547 3306; x_wconf 88' lang='lat' dir='ltr'>quae</span> <span class='ocrx_word' id='word_1_160' title='bbox 569 3221 659 3287; x_wconf 86' lang='lat' dir='ltr'>fuere</span> <span class='ocrx_word' id='word_1_161' title='bbox 681 3224 732 3287; x_wconf 88' lang='lat' dir='ltr'>vel</span> <span class='ocrx_word' id='word_1_162' title='bbox 756 3227 844 3309; x_wconf 84' lang='lat' dir='ltr'>sunt,</span> 
     </span>
     <span class='ocr_line' id='line_1_32' title="bbox 195 3310 838 3396; baseline 0.003 -21"><span class='ocrx_word' id='word_1_163' title='bbox 195 3310 256 3376; x_wconf 81' lang='lat' dir='ltr'>Sed</span> <span class='ocrx_word' id='word_1_164' title='bbox 279 3311 438 3375; x_wconf 88' lang='lat' dir='ltr'>vilissima</span> <span class='ocrx_word' id='word_1_165' title='bbox 461 3332 542 3393; x_wconf 90' lang='lat' dir='ltr'>quae</span> <span class='ocrx_word' id='word_1_166' title='bbox 566 3310 654 3375; x_wconf 90' lang='lat' dir='ltr'>fuere</span> <span class='ocrx_word' id='word_1_167' title='bbox 677 3313 729 3376; x_wconf 89' lang='lat' dir='ltr'>vel</span> <span class='ocrx_word' id='word_1_168' title='bbox 751 3318 838 3396; x_wconf 85' lang='lat' dir='ltr'>sunt,</span> 
     </span>
    </p>

    <p class='ocr_par' dir='ltr' id='par_1_10' title="bbox 193 3396 904 3575">
     <span class='ocr_line' id='line_1_33' title="bbox 195 3396 813 3484; baseline 0 -19"><span class='ocrx_word' id='word_1_169' title='bbox 195 3399 222 3465; x_wconf 91' lang='lat'>0</span> <span class='ocrx_word' id='word_1_170' title='bbox 248 3421 345 3484; x_wconf 92' lang='lat' dir='ltr'>quam</span> <span class='ocrx_word' id='word_1_171' title='bbox 367 3405 400 3463; x_wconf 87' lang='lat' dir='ltr'>te</span> <span class='ocrx_word' id='word_1_172' title='bbox 424 3399 508 3483; x_wconf 84' lang='lat' dir='ltr'>fieri,</span> <span class='ocrx_word' id='word_1_173' title='bbox 531 3396 674 3484; x_wconf 84' lang='lat' dir='ltr'>Catulla,</span> <span class='ocrx_word' id='word_1_174' title='bbox 696 3401 813 3465; x_wconf 88' lang='lat' dir='ltr'>vellem</span> 
     </span>
     <span class='ocr_line' id='line_1_34' title="bbox 193 3488 904 3575; baseline -0.004 -17"><span class='ocrx_word' id='word_1_175' title='bbox 193 3488 384 3558; x_wconf 84' lang='lat' dir='ltr'>Formosam</span> <span class='ocrx_word' id='word_1_176' title='bbox 406 3489 512 3552; x_wconf 88' lang='lat' dir='ltr'>minus</span> <span class='ocrx_word' id='word_1_177' title='bbox 536 3493 592 3553; x_wconf 91' lang='lat' dir='ltr'>aut</span> <span class='ocrx_word' id='word_1_178' title='bbox 614 3490 719 3575; x_wconf 83' lang='lat' dir='ltr'>magis</span> <span class='ocrx_word' id='word_1_179' title='bbox 743 3491 904 3573; x_wconf 83' lang='lat' dir='ltr'>pudicam!</span> 
     </span>
    </p>
   </div>
   <div class='ocr_carea' id='block_1_8' title="bbox 616 3630 699 3695">
    <p class='ocr_par' dir='ltr' id='par_1_11' title="bbox 616 3630 699 3695">
     <span class='ocr_line' id='line_1_35' title="bbox 616 3630 699 3695; baseline -0.012 0"><span class='ocrx_word' id='word_1_180' title='bbox 616 3630 699 3695; x_wconf 87' lang='lat' dir='ltr'>LIV.</span> 
     </span>
    </p>
   </div>
   <div class='ocr_carea' id='block_1_9' title="bbox 196 3727 1022 3906">
    <p class='ocr_par' dir='ltr' id='par_1_12' title="bbox 196 3727 1022 3906">
     <span class='ocr_line' id='line_1_36' title="bbox 196 3727 1022 3814; baseline 0.001 -23"><span class='ocrx_word' id='word_1_181' title='bbox 196 3727 318 3814; x_wconf 83' lang='lat' dir='ltr'>Magna</span> <span class='ocrx_word' id='word_1_182' title='bbox 340 3729 416 3794; x_wconf 89' lang='lat' dir='ltr'>licet</span> <span class='ocrx_word' id='word_1_183' title='bbox 437 3729 557 3794; x_wconf 89' lang='lat' dir='ltr'>totiens</span> <span class='ocrx_word' id='word_1_184' title='bbox 579 3728 719 3812; x_wconf 88' lang='lat' dir='ltr'>tribuas,</span> <span class='ocrx_word' id='word_1_185' title='bbox 742 3729 866 3793; x_wconf 87' lang='lat' dir='ltr'>maiora</span> <span class='ocrx_word' id='word_1_186' title='bbox 889 3729 1022 3794; x_wconf 88' lang='lat' dir='ltr'>daturus</span> 
     </span>
     <span class='ocr_line' id='line_1_37' title="bbox 228 3817 989 3906; baseline -0.001 -25"><span class='ocrx_word' id='word_1_187' title='bbox 228 3817 341 3906; x_wconf 74' lang='lat' dir='ltr'>Dona,</span> <span class='ocrx_word' id='word_1_188' title='bbox 368 3818 487 3886; x_wconf 88' lang='lat' dir='ltr'>ducum</span> <span class='ocrx_word' id='word_1_189' title='bbox 510 3819 630 3906; x_wconf 88' lang='lat' dir='ltr'>vietor,</span> <span class='ocrx_word' id='word_1_190' title='bbox 651 3818 756 3885; x_wconf 77' lang='lat' dir='ltr'>uictor</span> <span class='ocrx_word' id='word_1_191' title='bbox 779 3822 813 3882; x_wconf 86' lang='lat' dir='ltr'>et</span> <span class='ocrx_word' id='word_1_192' title='bbox 832 3817 904 3902; x_wconf 78' lang='lat' dir='ltr'>lpse</span> <span class='ocrx_word' id='word_1_193' title='bbox 924 3819 989 3900; x_wconf 74' lang='lat' dir='ltr'>tui,</span> 
     </span>
    </p>
   </div>
   <div class='ocr_carea' id='block_1_10' title="bbox 0 0 1233 4132">
    <p class='ocr_par' dir='ltr' id='par_1_13' title="bbox 0 0 1233 4132">
     <span class='ocr_line' id='line_1_38' title="bbox 0 0 1233 4132; baseline 0 0"><span class='ocrx_word' id='word_1_194' title='bbox 0 0 1233 4132; x_wconf 95' lang='lat' dir='ltr'> </span> 
     </span>
    </p>
   </div>
  </div>
 </body>
</html>
