2408 4132
347 124 645 374 aelosani&
662 318 730 375 LlB.
749 318 771 372 I.
1019 316 1062 383 37
1167 330 1201 442 q‘

100 481 176 547 Otia
199 482 240 545 da
261 481 371 563 nobie,
394 480 450 544 sed
474 480 582 564 qualia
605 480 726 545 fecerat
749 479 829 544 olim

143 570 312 634 Maecenas
334 567 451 633 Flacco
474 567 686 654 Vergilioque
710 590 782 655 suoi:
823 642 829 650 p

73 657 245 722 oCondere
268 657 409 722 victuras
432 660 589 740 temptem
612 678 670 741 per
694 646 823 720 saeoiila
845 677 938 721 ouras
1020 696 1081 795 f

144 746 189 811 Et
211 767 328 810 nornen
350 745 490 808 flammis
514 745 669 828 eripuisse
692 766 808 810 meum.

100 833 139 897 In
163 834 289 897 steriles
313 834 429 898 nolunt
451 853 583 917 campos
607 833 684 917 iuga
706 832 790 897 ferre
812 831 966 896 iuvenuit·

146 921 270 1008 Pingue
294 923 400 986 solum
423 922 543 1004 lassat,
567 921 623 984 sed
644 921 736 985 iuvat
758 921 829 1005 ipse
851 919 953 984 labor.

546 1059 559 1100 r

101 1150 391 1234 Esitibi-siique
398 1059 640 1232 precorcriuilltlos
651 1152 836 1233 crescatque
846 1169 903 1232 per
913 1169 1016 1213 annos
1023 1180 1064 1194 -

145 1238 287 1303 Pulchra
310 1238 453 1322 quidem,
474 1246 588 1302 verum
610 1237 843 1302 transtiberina
866 1236 993 1303 domus·

102 1328 148 1390 At
171 1348 243 1391 mea
266 1325 428 1410 Vipsanas
452 1329 601 1410 speciant
623 1326 776 1391 cenacula
798 1326 923 1408 laurus,
1171 1398 1173 1403 .

146 1414 264 1479 Faetus
287 1414 323 1478 in
343 1415 405 1478 hac
429 1435 490 1500 ego
514 1436 584 1478 sum
608 1414 674 1477 iam
696 1413 828 1498 regione
852 1434 958 1477 senex.
1173 1404 1187 1459 l

77 1502 310 1589 sMigrandum
333 1506 395 1584 esi,
418 1508 455 1566 ul
472 1523 566 1565 mane
586 1501 672 1566 domi
695 1506 742 1586 te,
760 1500 866 1586 Galle,
890 1501 1043 1566 salutem:

147 1591 211 1666 Est
231 1591 329 1674 tanti,
350 1590 403 1655 vel
427 1590 455 1654 si
477 1590 606 1676 longius
630 1590 688 1654 illa
709 1589 805 1654 foret.

75 1728 77 1732 -
105 1678 166 1744 Sed
184 1679 246 1743 tibi
263 1701 329 1744 non
348 1679 485 1743 multum
504 1682 567 1761 esi,
585 1701 685 1743 unum
706 1679 734 1742 si
751 1681 883 1763 praesto
902 1680 1066 1762 togatum:
1186 1699 1202 1722 0

147 1766 289 1830 Multum
312 1770 374 1849 est,
396 1766 481 1831 huno
504 1789 604 1831 unum
627 1767 656 1830 si
679 1766 773 1850 mihi,
791 1765 899 1851 Galle,
921 1786 962 1830 ne
1163 1832 1165 1834 ,

104 1855 178 1940 Ipse
202 1855 352 1920 salutabo
376 1854 500 1919 decima
521 1858 554 1919 te
578 1855 706 1939 saepius
729 1855 824 1920 hora:
916 1786 1151 2023 <D

62 1961 94 2008 10
148 1943 243 2008 Mane
267 1943 329 2007 tibi
351 1964 410 2026 pro
435 1964 486 2006 me
509 1943 594 2006 (lieet
613 1943 729 2007 havere
751 1943 841 2006 liber.

105 2155 178 2220 Issa
201 2159 252 2220 est
273 2175 405 2240 passere
427 2153 563 2238 nequior
586 2152 719 2238 Catulli,

106 2242 177 2307 Issa
199 2246 249 2308 esi
270 2242 382 2327 purior
405 2242 515 2306 osculo
539 2242 721 2320 columbae,

105 2330 177 2395 Issa
200 2334 250 2395 est
270 2329 421 2395 blandior
444 2329 594 2394 omnibus
617 2330 749 2413 puellis,

106 2418 177 2483 Issa
200 2423 250 2483 est
271 2419 376 2483 carior
396 2417 517 2482 Indicis
541 2417 677 2502 lapillis,

80 2507 176 2573 oIssa
199 2511 249 2572 est
272 2506 405 2571 deliciae
429 2506 546 2571 catella
568 2505 673 2571 Publi.

106 2594 199 2660 Hane
222 2599 272 2673 tu,
296 2594 325 2659 si
347 2594 506 2679 queritur,
529 2594 619 2679 loqui
634 2592 788 2680 putabis3

107 2683 213 2748 Sentit
236 2682 468 2766 tristitiamque
492 2682 718 2768 gaudiumque.
877 2694 880 2701 '

107 2770 200 2837 (lollo
221 2772 299 2836 nixa
322 2772 420 2837 cubat
441 2773 591 2855 capitque
615 2793 760 2855 somnos,
889 2766 892 2772 ’

106 2859 153 2925 Ut
176 2861 317 2944 suspiria
339 2859 432 2924 nulla
454 2858 650 2943 sentianlur3

64 2966 97 3013 10
106 2949 152 3014 ut
174 2947 332 3013 desiderio
356 2951 469 3012 ooaota
490 2949 614 3011 veniris

48 3066 49 3069 ¹
109 3036 211 3102 Gutta
233 3036 422 3121 pallia'non
444 3035 562 3100 fefellit
584 3036 663 3119 ulla,

109 3124 172 3191 Sed
194 3125 313 3190 blando
336 3123 417 3209 pede
440 3124 575 3188 suscitat
597 3127 735 3208 loroque

107 3214 234 3298 Deponi
257 3219 368 3278 monet
391 3216 424 3277 et
445 3215 544 3298 rogat
565 3211 676 3276 levari.

108 3301 226 3368 (lastae
249 3305 359 3366 lanius
382 3302 468 3366 inest
489 3300 594 3384 pudor
616 3299 765 3384 catellae,

64 3408 96 3456 15
106 3392 241 3473 Ignorat
263 3388 439 3474 Venerem3
461 3409 520 3452 neo
542 3388 723 3452 invenimus

106 3480 252 3565 Dignum
274 3483 343 3543 tam
365 3482 477 3542 tenera
499 3476 607 3541 virum
629 3477 747 3559 puella.

107 3567 264 3633 Hancne
286 3567 343 3631 lux
365 3566 472 3650 rapiat
494 3586 644 3647 suprema
666 3567 786 3648 lolam,

106 3655 200 3722 Pica
222 3655 358 3720 Publius
382 3652 535 3742 exprimit
556 3653 702 3739 labella,
