2408 4132
373 493 665 550 EPlGRAMMATON
685 496 751 552 LIB.
770 496 817 551 IV.
1032 454 1093 580 10⁴1

136 656 334 742 Dicebatque
358 660 425 722 suis
448 660 528 723 haee
551 661 678 722 tantum
702 659 811 722 deesse
834 660 1000 742 trecentis,

180 745 226 811 Ut
248 750 359 829 posset
383 747 512 811 domino
536 746 689 831 plaudere
712 747 817 811 iustus
841 768 946 832 eques

110 834 272 898 5Praetor
294 836 340 898 ait
362 833 450 918 „Seis
474 856 525 898 me
549 833 669 919 Scorpo
694 835 874 918 Thalloque
898 835 1059 912 daturum,

68 938 71 944 ·
179 922 288 1006 Atque
311 923 435 987 utinam
458 926 588 995 eentum
610 923 700 987 milia
724 924 793 988 sola
816 923 951 989 darem.“

135 1010 189 1074 Ah
212 1011 312 1094 pudet
333 1012 494 1096 ingratae,
517 1012 617 1095 pudet
640 1011 683 1075 ah
705 1013 789 1077 male
813 1011 922 1076 divitis
946 1033 1046 1076 areae.

180 1097 273 1174 Quod
294 1121 360 1164 non
383 1100 440 1163 das
464 1099 578 1182 equiti,
600 1101 649 1164 vis
673 1100 760 1183 dare,
783 1103 925 1184 praetor,
948 1100 1052 1182 equo?

519 1274 666 1339 LXVIII.

134 1381 259 1445 Invitas
283 1384 411 1446 eentum
435 1380 668 1464 quadrantibus
693 1384 725 1444 et
747 1381 827 1445 bene
851 1403 965 1446 cenas·

180 1469 226 1535 Ut
248 1491 358 1534 oenem
381 1470 515 1551 invitor,
539 1467 647 1551 Sexte,
671 1491 721 1532 an¹
735 1473 771 1532 ut
794 1469 976 1534 invideam?
1065 1549 1067 1552 Α

539 1644 651 1708 LXIX.

135 1749 184 1812 Tu
208 1747 320 1813 Setina
343 1749 471 1832 quidem
494 1771 619 1832 semper
641 1751 692 1814 vel
715 1749 855 1814 Massica
870 1750 984 1834 ponis,

179 1837 303 1920 Papile,
328 1838 383 1900 sed
406 1859 516 1901 rumor
538 1841 607 1902 tam
631 1839 715 1902 bona
738 1838 814 1902 vina
835 1842 947 1923 negat:

135 1925 259 1989 Diceris
282 1926 344 1989 hac
366 1926 471 1990 factus
496 1927 623 1990 caelebs
646 1929 761 2009 quater
785 1947 854 1989 esse
877 1928 1005 2011 lagona.

178 2013 246 2077 Neo
268 2016 347 2097 puto
371 2036 429 2078 neo
452 2015 559 2096 oredo,
581 2013 709 2098 Papile,
732 2036 791 2078 nee
814 2016 899 2079 sitio.

1019 1895 1050 1958 l

546 2188 641 2252 LXX.

134 2295 227 2359 Nihil
250 2294 424 2358 Ammiano
447 2297 577 2376 praeter
600 2293 723 2358 aridam
746 2298 865 2359 restem

134 2383 275 2448 Moriens
298 2382 430 2466 reliquit
451 2382 575 2445 ultimis
598 2386 692 2466 pater
715 2382 803 2446 aeria.

134 2471 221 2535 Fieri
243 2475 374 2555 putaret
389 2491 491 2554 ‚posse
515 2471 599 2553 quis,
622 2469 808 2549 Marulline,

135 2560 180 2625 Ut
203 2559 396 2624 Ammianus
419 2561 582 2622 mortuum
605 2563 733 2643 patrem
754 2558 877 2623 nollet?

536 2735 650 2798 LXXI.
755 2749 756 2752 ’

135 2842 260 2918 Quaero
285 2842 339 2906 diu
361 2844 480 2924 totam,
505 2839 633 2905 Safroni
656 2840 753 2925 Rufe,
775 2862 834 2925 per
856 2842 982 2924 urbem,

179 2929 213 2995 Si
237 2952 300 3012 qua
322 2931 430 3013 puella
453 2934 564 3015 neget:
587 2930 678 2993 nulla
700 2930 809 3014 puella
831 2935 940 3015 negat.

134 3019 303 3102 Tanquam
325 3018 376 3082 fas
398 3040 465 3082 non
488 3020 543 3099 sit,
566 3022 722 3101 tanquam
745 3018 789 3082 sit
811 3023 905 3102 turpe
928 3041 1061 3104 negare,

178 3108 347 3191 Tanquam
369 3128 435 3170 non
458 3105 566 3170 liceat:
589 3107 681 3170 nulla
703 3107 814 3188 puella
835 3112 944 3191 negat.

106 3195 233 3260 oCasta
250 3195 352 3280 igitur
369 3195 459 3258 nulla
478 3196 549 3258 est?
569 3199 649 3258 sunt
668 3198 776 3258 castae
796 3195 897 3259 mille:
922 3195 997 3277 quid
1016 3217 1093 3280 ergo

178 3283 276 3348 Casta
298 3282 398 3346 fauit?
420 3304 486 3347 non
510 3283 579 3366 dat,
601 3305 667 3347 non
690 3286 799 3346 tamen
822 3283 880 3346 illa
901 3287 1009 3366 negat.

524 3458 654 3524 nixu.
845 3405 847 3408 Α
1096 3420 1138 3549 l(

131 3567 262 3650 Exigis,
284 3569 321 3629 ut
345 3565 459 3630 donem
482 3569 612 3629 nostros
637 3565 712 3645 tibi,
737 3563 866 3642 Quinte,
889 3564 1027 3629 libellos.
1078 3627 1093 3641 ,

176 3654 251 3718 Non
275 3654 392 3736 habeo,
417 3654 472 3717 sed
495 3653 595 3717 habet
618 3653 798 3736 bibliopola
820 3652 983 3736 Tryphon.
1078 3650 1081 3656 ’

126 3743 215 3827 ,Aes
240 3743 322 3806 dabo
346 3764 404 3826 pro
427 3741 524 3826 nugis
548 3745 580 3804 et
604 3762 708 3804 emam
731 3744 790 3804 tua
807 3741 959 3805 earmina
974 3741 1105 3801 sams&

172 3830 269 3896 Non“
287 3831 396 3918 inquis
420 3828 562 3918 „faciam
583 3834 659 3899 tam
679 3828 800 3898 latuel‘
833 3827 918 3893 Teo
939 3820 1018 3906 aaa.
