2408 4132
132 458 196 524 152
456 455 493 512 Μ.
512 456 593 513 Van.
612 456 808 511 MARTIALIS

173 619 264 685 Uxor
287 620 422 685 moecha
444 620 505 684 tibi
527 622 591 684 est:
614 620 676 684 hoo
700 620 741 684 ad
762 623 794 684 te
816 620 971 704 pertinet,
994 619 1064 687 Ole.

218 709 329 773 Poscit
350 709 417 773 iam
439 708 548 773 dotem
570 708 639 773 filia
661 707 807 792 grandia:
831 712 865 773 et
886 709 956 775 hoc.

131 813 163 861 15
175 796 288 862 Dicere
312 796 496 882 quindecies
519 800 680 880 poteram,
704 796 789 880 quod
810 797 950 881 pertinet
973 797 1015 862 ad
1036 802 1085 863 te:

219 884 280 950 Sed
304 885 380 969 quid
403 906 496 970 agas,
520 884 559 948 ad
583 907 634 948 me
657 884 813 968 pertinet,
835 885 907 974 Ole,
930 885 1021 950 nihil.

604 1033 660 1098 XI.

175 1130 272 1216 Cogis
296 1155 347 1197 me
370 1131 496 1197 calamo
518 1153 679 1216 manuque
700 1134 815 1194 nostra

98 1264 107 1281 „
172 1220 353 1285 Emendare
376 1243 478 1304 meos,
499 1219 640 1302 Pudens,
663 1219 802 1284 libellos.

106 1284 127 1329 Χ
173 1306 200 1372 0
224 1330 321 1393 quam
344 1331 395 1374 me
417 1308 554 1374 nimium
576 1308 695 1394 probas
718 1328 885 1391 amasque,

174 1395 236 1471 Qui
259 1399 309 1463 vis
333 1397 526 1482 archetypas
548 1396 668 1461 habere
690 1398 807 1480 nugas!

593 1537 665 1601 XII.

176 1633 228 1698 Sic
252 1657 303 1700 me
326 1635 433 1700 fronte
455 1634 546 1720 legat
569 1635 730 1718 dominus,
753 1633 917 1719 Faustino,
940 1657 1053 1701 serena

217 1722 434 1808 Excipiatque
456 1745 559 1805 meos,
582 1745 646 1806 qua
668 1723 751 1786 solet
773 1744 862 1807 aure,
884 1723 986 1807 iocos,

171 1809 219 1875 Ut
241 1834 314 1875 mea
335 1834 407 1893 nee,
430 1812 515 1875 iuste
539 1832 618 1895 quos
643 1811 724 1888 odit,
746 1813 867 1895 pagina
889 1811 996 1896 laesit,

216 1898 261 1963 Et
284 1899 365 1963 mihi
388 1900 426 1964 de
449 1901 538 1964 nullo
561 1899 650 1964 fama
672 1899 790 1963 rubore
811 1900 935 1984 placet,¹
1026 1966 1030 1973 ,

146 1987 257 2063 atluid
279 1989 425 2071 prodest,
449 1987 581 2070 cupiant
603 2009 674 2052 eum
699 1987 827 2070 quidam
849 1992 964 2053 nostra
985 1989 1102 2076 videri,

218 2074 254 2140 Si
277 2099 340 2161 qua
361 2075 544 2160 Lycambeo
568 2076 723 2161 sanguine
745 2076 813 2140 tela
835 2077 979 2161 madent,

172 2163 410 2249 Vipereumque
432 2168 544 2230 vomat
565 2169 678 2229 nostro
702 2164 762 2229 sub
785 2165 915 2231 nomine
937 2166 1038 2246 virus,

220 2253 282 2329 Qui
305 2253 428 2318 Phoebi
451 2254 558 2318 radios
580 2253 665 2318 serre
688 2253 834 2337 diemque
856 2254 978 2338 negat?

171 2340 326 2407 Ludimus
349 2343 498 2407 innocui:
522 2343 584 2407 scia
607 2342 670 2407 hoc
692 2342 786 2405 bene:
809 2341 880 2406 iuro
903 2343 1048 2426 potentis

130 2446 162 2493 ro
215 2429 278 2495 Per
301 2433 431 2514 genium
453 2428 573 2496 Famae
596 2429 837 2513 Castaliumque
860 2449 991 2514 gregem

171 2518 296 2604 Perque
318 2522 393 2584 tuas
417 2541 524 2602 aures,
547 2520 657 2604 magni
680 2518 761 2582 mihi
782 2517 924 2582 numinis
946 2517 1064 2606 instar,

215 2606 346 2690 Lector,
369 2603 545 2672 inhumana
567 2608 649 2671 liber
672 2608 712 2671 ab
735 2605 864 2671 invidia.

584 2747 674 2814 XIII.

171 2843 257 2908 Dum
281 2839 461 2908 Tiburtinis
485 2844 646 2909 albescere
669 2845 793 2910 solibus
817 2843 906 2910 audit

215 2932 354 3016 Antiqui
376 2932 480 2996 dentis
503 2932 594 2998 fusca
615 2932 747 3016 Lycoris
771 2934 863 3016 ebur,

170 3019 272 3085 Venit
294 3021 328 3083 in
350 3018 528 3086 Herculeos
551 3021 660 3086 colles.
697 3020 780 3096 Quid
803 3021 932 3088 Tiburis
956 3023 1015 3087 alti

216 3107 306 3172 Aura
329 3109 428 3173 valet!
467 3108 572 3175 Parvo
595 3113 740 3195 tempore
762 3110 858 3194 nigra
878 3111 971 3176 redit.

585 3258 672 3325 XIV.

171 3354 299 3419 Accidit
321 3355 489 3421 infandum
510 3361 642 3421 nostrae
666 3359 782 3442 scelus,
806 3359 904 3442 Aule,
925 3358 1067 3445 puellae,

215 3442 338 3508 Amisit
359 3445 449 3509 lusus
472 3444 666 3530 deliciasque
690 3468 778 3512 suas:

49 3568 51 3572 ·
170 3530 247 3596 Non
269 3533 378 3617 quales
401 3535 504 3598 teneri
525 3535 667 3617 ploravit
691 3537 795 3600 amica
818 3534 937 3601 Catulli

214 3618 346 3704 Lesbia,
368 3621 522 3706 nequitiis
544 3625 686 3708 passeris
710 3625 790 3688 orba
812 3625 875 3707 sui,

143 3706 232 3772 sVel
257 3706 377 3774 Stellae
400 3713 530 3776 cantata
552 3734 624 3778 meo
648 3735 727 3796 quas
750 3713 840 3778 flevIt
861 3711 1000 3796 Ianthis,

205 3794 309 3863 Ocius
329 3798 365 3863 in
388 3799 507 3886 Elysio
530 3802 627 3889 nigra
650 3802 803 3868 columba
820 3801 927 3868 uolat:
