2408 4132
40 515 41 518 ,
156 445 222 511 206
479 445 516 499 Μ.
537 444 616 499 VAL.
636 442 833 499 MARTIALIS

599 603 715 670 XXXI.

202 692 284 761 Cum
307 716 412 760 eomes
435 692 565 758 Aretois
587 694 735 758 haereret
759 691 905 759 Caesaris
929 694 1028 760 armis

245 784 371 868 Velius,
394 782 477 847 hano
500 781 598 846 Marti
620 803 678 865 pro
702 781 780 847 duee
803 783 892 847 vovit
913 805 1018 866 avem3

200 870 293 936 Luna
315 873 429 956 quater
451 870 545 935 binos
568 891 634 934 non
656 872 727 933 tota
750 874 919 954 peregerat
941 871 1049 957 orbes,

243 959 364 1024 Debita
386 958 539 1042 poscebat
561 959 626 1021 iam
650 958 713 1021 sibi
736 961 812 1022 vota
835 958 924 1022 deus:

174 1047 274 1131 aIpse
298 1070 372 1112 suas
395 1068 488 1110 anser
510 1046 695 1130 properavit
716 1046 820 1110 laetus
844 1046 885 1110 ad
908 1069 981 1112 aras

242 1135 287 1200 Et
310 1135 425 1199 cecidit
447 1135 566 1199 sanetis
588 1133 697 1198 hostia
719 1156 820 1217 parva
842 1134 933 1199 focis.

201 1222 280 1289 Octo
304 1223 393 1288 vides
415 1224 526 1306 patulo
549 1222 685 1305 pendere
707 1222 903 1287 nomismata
926 1226 1032 1287 rostro

243 1311 364 1376 Alitis?
389 1311 466 1375 haeo
490 1311 572 1375 extis
596 1308 726 1374 condita
748 1332 851 1394 nuper
874 1314 980 1375 erant:

200 1399 385 1476 Quaelibet
408 1403 542 1484 argento
565 1419 624 1482 pro
647 1402 693 1477 te,
715 1420 781 1464 non
804 1398 972 1484 sanguine,
996 1396 1141 1485 Caesar,

157 1503 189 1552 10
243 1487 399 1565 Victima,
424 1487 489 1551 iam
511 1487 598 1551 ferro
623 1508 688 1551 uon
712 1508 792 1572 opus
816 1508 886 1552 esse
908 1487 1009 1552 docet.

588 1617 722 1683 XXXII.

199 1706 293 1770 Hane
315 1707 403 1789 voIO,
426 1728 507 1790 quae
529 1706 649 1789 facilis,
672 1728 752 1790 quae
776 1707 945 1790 palliolata
966 1711 1117 1793 vagatur,

243 1792 337 1858 Hane
359 1795 447 1875 volo,
470 1816 551 1877 quae
573 1816 673 1876 puero
697 1794 763 1858 iam
786 1793 873 1860 dedit
896 1801 970 1860 ante
993 1817 1078 1874 meo,

200 1881 292 1947 Hane
315 1882 402 1964 volo,
426 1903 523 1966 quam
545 1882 676 1947 redimit
698 1885 803 1947 totam
826 1884 975 1948 denarius
999 1884 1096 1970 alter,

244 1970 337 2035 Hane
359 1969 447 2054 volo,
471 1992 551 2053 quae
574 1970 698 2054 pariter
720 1971 840 2036 suffieit
862 1995 926 2036 una
949 1971 1062 2036 tribus.

173 2057 387 2124 5Posaentem
410 2080 560 2123 nummos
583 2063 616 2123 et
638 2059 775 2144 grandia
797 2059 897 2124 verba
921 2063 1089 2125 sonantem

242 2146 412 2211 Possideat
435 2168 562 2210 crassae
586 2147 728 2211 mentula
752 2145 954 2233 Burdigalae.

579 2277 729 2344 XXXIII.

199 2365 348 2432 Audieris
371 2366 404 2431 in
429 2390 506 2452 quo,
529 2367 657 2450 Flacco,
681 2367 796 2432 balneo
819 2367 983 2453 plausum,

198 2454 341 2520 Maronis
364 2454 432 2520 illie
456 2478 526 2522 esse
549 2456 727 2520 mentulam
751 2455 843 2520 seito.

582 2585 730 2652 XXXIV.

198 2674 344 2758 Iuppiter
366 2674 456 2739 Idaei
478 2674 550 2740 risit
573 2675 739 2740 mendacia
761 2674 863 2760 busti,

242 2762 327 2826 Dum
350 2763 437 2827 videt
459 2762 600 2846 Augusti
623 2763 735 2828 Flavia
757 2764 881 2846 templa
902 2763 984 2848 poli,

198 2850 306 2933 Atque
328 2850 412 2914 inter
436 2873 564 2914 mensas
587 2852 680 2936 largo
703 2852 770 2915 iam
792 2857 922 2916 nectare
944 2851 1049 2933 fusus,

241 2937 362 3002 Pocula
385 2960 456 3002 eum
479 2938 578 3002 Marti
600 2939 743 3003 traderet
764 2940 834 3022 ipse
857 2961 929 3023 suo,

172 3025 384 3108 eRespieiens
407 3025 575 3091 Phoebum
597 3027 719 3110 pariter
740 3026 926 3112 Phoebique
949 3048 1106 3106 sororem,

243 3113 322 3179 Cum
347 3114 463 3197 quibus
486 3113 617 3178 Alcides
642 3119 674 3179 et
696 3115 767 3199 pius
791 3115 894 3181 Areas
918 3119 1002 3180 erat:

197 3201 338 3286 „Gnosia
360 3201 435 3268 vos“
457 3203 562 3286 inquit
582 3203 695 3286 „nobis
718 3208 925 3268 monumenta
949 3203 1098 3268 dedistis:

242 3289 385 3374 Gemite,
410 3314 506 3376 quam
528 3292 600 3374 plus
624 3291 679 3377 sit,
703 3289 850 3356 Caesaris
873 3314 944 3357 esse
966 3292 1121 3376 patrem.“

198 3511 333 3576 Artibus
357 3510 407 3575 his
430 3533 555 3596 semper
577 3535 702 3594 cenam,
725 3512 923 3597 Philomuse‚
945 3510 1092 3592 mereris,

241 3601 387 3665 Plurima
410 3599 484 3664 dum
508 3601 618 3686 fingis,
642 3601 698 3665 sed
721 3600 812 3684 quasi
834 3622 910 3666 vera
932 3600 1042 3665 refers.

198 3687 281 3773 Seis,
304 3688 382 3773 quid
404 3688 439 3752 in
461 3688 597 3753 Arsacia
620 3687 760 3754 Pacorus
785 3688 940 3755 deliberet
962 3690 1049 3771 aula,

229 3777 426 3845 Rhenanam
449 3799 601 3845 numeras
624 3775 1068 3887 Sarmatieamquflmanum.
