<?xml version="1.0" encoding="UTF-8"?>
<!DOCTYPE html PUBLIC "-//W3C//DTD XHTML 1.0 Transitional//EN"
    "http://www.w3.org/TR/xhtml1/DTD/xhtml1-transitional.dtd">
<html xmlns="http://www.w3.org/1999/xhtml" xml:lang="en" lang="en">
 <head>
  <title>
</title>
<meta http-equiv="Content-Type" content="text/html;charset=utf-8" />
  <meta name='ocr-system' content='tesseract 3.04.00' />
  <meta name='ocr-capabilities' content='ocr_page ocr_carea ocr_par ocr_line ocrx_word'/>
</head>
<body>
  <div class='ocr_page' id='page_1' title='image "./mvaleriimartial00gilbgoog/mvaleriimartial00gilbgoog_0192.png"; bbox 0 0 2408 4132; ppageno 0'>
   <div class='ocr_carea' id='block_1_1' title="bbox 410 303 1134 374">
    <p class='ocr_par' dir='ltr' id='par_1_1' title="bbox 410 303 1134 374">
     <span class='ocr_line' id='line_1_1' title="bbox 410 303 1134 374; baseline 0.023 -17"><span class='ocrx_word' id='word_1_1' title='bbox 410 303 703 360; x_wconf 82' lang='lat' dir='ltr'>EPIGRAMMATON</span> <span class='ocrx_word' id='word_1_2' title='bbox 719 306 788 363; x_wconf 91' lang='lat' dir='ltr'>LIB.</span> <span class='ocrx_word' id='word_1_3' title='bbox 808 306 854 362; x_wconf 89' lang='lat' dir='ltr'>Vl.</span> <span class='ocrx_word' id='word_1_4' title='bbox 1071 310 1134 374; x_wconf 81' lang='grc'>145</span> 
     </span>
    </p>
   </div>
   <div class='ocr_carea' id='block_1_2' title="bbox 128 466 1062 995">
    <p class='ocr_par' dir='ltr' id='par_1_2' title="bbox 128 466 1062 995">
     <span class='ocr_line' id='line_1_2' title="bbox 144 466 988 554; baseline 0.005 -24"><span class='ocrx_word' id='word_1_5' title='bbox 144 466 305 551; x_wconf 71' lang='lat' dir='ltr'>crispiac,</span> <span class='ocrx_word' id='word_1_6' title='bbox 329 489 425 551; x_wconf 89' lang='lat' dir='ltr'>quam</span> <span class='ocrx_word' id='word_1_7' title='bbox 449 472 537 531; x_wconf 85' lang='lat' dir='ltr'>certo</span> <span class='ocrx_word' id='word_1_8' title='bbox 560 468 671 532; x_wconf 79' lang='lat' dir='ltr'>videar</span> <span class='ocrx_word' id='word_1_9' title='bbox 692 490 759 533; x_wconf 88' lang='lat' dir='ltr'>non</span> <span class='ocrx_word' id='word_1_10' title='bbox 781 468 908 554; x_wconf 83' lang='lat' dir='ltr'>ligneus</span> <span class='ocrx_word' id='word_1_11' title='bbox 933 492 988 534; x_wconf 87' lang='lat' dir='ltr'>orc</span> 
     </span>
     <span class='ocr_line' id='line_1_3' title="bbox 215 554 958 642; baseline 0.005 -23"><span class='ocrx_word' id='word_1_12' title='bbox 215 554 285 620; x_wconf 89' lang='lat' dir='ltr'>Nec</span> <span class='ocrx_word' id='word_1_13' title='bbox 308 555 424 620; x_wconf 86' lang='lat' dir='ltr'>devota</span> <span class='ocrx_word' id='word_1_14' title='bbox 445 554 527 619; x_wconf 86' lang='lat' dir='ltr'>focis</span> <span class='ocrx_word' id='word_1_15' title='bbox 550 556 692 640; x_wconf 78' lang='lat' dir='ltr'>inguinis</span> <span class='ocrx_word' id='word_1_16' title='bbox 717 579 808 621; x_wconf 88' lang='lat' dir='ltr'>arma</span> <span class='ocrx_word' id='word_1_17' title='bbox 831 578 958 642; x_wconf 86' lang='lat' dir='ltr'>geram,</span> 
     </span>
     <span class='ocr_line' id='line_1_4' title="bbox 173 641 1062 730; baseline 0.006 -23"><span class='ocrx_word' id='word_1_18' title='bbox 173 641 236 708; x_wconf 87' lang='lat' dir='ltr'>Sed</span> <span class='ocrx_word' id='word_1_19' title='bbox 258 642 339 706; x_wconf 91' lang='lat' dir='ltr'>mihi</span> <span class='ocrx_word' id='word_1_20' title='bbox 360 648 517 728; x_wconf 85' lang='lat' dir='ltr'>perpetua</span> <span class='ocrx_word' id='word_1_21' title='bbox 538 666 705 727; x_wconf 91' lang='lat' dir='ltr'>nunquam</span> <span class='ocrx_word' id='word_1_22' title='bbox 727 645 886 710; x_wconf 89' lang='lat' dir='ltr'>moritura</span> <span class='ocrx_word' id='word_1_23' title='bbox 910 668 1062 730; x_wconf 80' lang='lat' dir='ltr'><strong>cupresso</strong></span> 
     </span>
     <span class='ocr_line' id='line_1_5' title="bbox 215 731 916 818; baseline 0.007 -23"><span class='ocrx_word' id='word_1_24' title='bbox 215 731 369 796; x_wconf 90' lang='lat' dir='ltr'>Phidiaca</span> <span class='ocrx_word' id='word_1_25' title='bbox 391 732 496 815; x_wconf 77' lang='lat' dir='ltr'>rigeat</span> <span class='ocrx_word' id='word_1_26' title='bbox 518 732 664 797; x_wconf 78' lang='lat' dir='ltr'>mentula</span> <span class='ocrx_word' id='word_1_27' title='bbox 687 733 785 818; x_wconf 84' lang='lat' dir='ltr'>digna</span> <span class='ocrx_word' id='word_1_28' title='bbox 807 756 916 800; x_wconf 89' lang='lat' dir='ltr'>manu.</span> 
     </span>
     <span class='ocr_line' id='line_1_6' title="bbox 171 818 974 906; baseline 0.002 -22"><span class='ocrx_word' id='word_1_29' title='bbox 171 818 293 902; x_wconf 84' lang='lat' dir='ltr'>Vicini,</span> <span class='ocrx_word' id='word_1_30' title='bbox 316 841 445 903; x_wconf 88' lang='lat' dir='ltr'>moneo,</span> <span class='ocrx_word' id='word_1_31' title='bbox 469 823 617 885; x_wconf 89' lang='lat' dir='ltr'>sanctum</span> <span class='ocrx_word' id='word_1_32' title='bbox 639 821 799 887; x_wconf 83' lang='lat' dir='ltr'>celebrata</span> <span class='ocrx_word' id='word_1_33' title='bbox 822 822 974 906; x_wconf 84' lang='lat' dir='ltr'>Priapum</span> 
     </span>
     <span class='ocr_line' id='line_1_7' title="bbox 128 907 843 995; baseline 0.006 -24"><span class='ocrx_word' id='word_1_34' title='bbox 128 924 161 972; x_wconf 87' lang='lat'>10</span> <span class='ocrx_word' id='word_1_35' title='bbox 215 908 261 972; x_wconf 82' lang='lat' dir='ltr'>Et</span> <span class='ocrx_word' id='word_1_36' title='bbox 283 907 335 971; x_wconf 88' lang='lat' dir='ltr'>bis</span> <span class='ocrx_word' id='word_1_37' title='bbox 359 908 501 993; x_wconf 76' lang='lat' dir='ltr'>septenis</span> <span class='ocrx_word' id='word_1_38' title='bbox 523 909 646 992; x_wconf 87' lang='lat' dir='ltr'>parcite</span> <span class='ocrx_word' id='word_1_39' title='bbox 668 909 843 995; x_wconf 83' lang='lat' dir='ltr'>iugeribus.</span> 
     </span>
    </p>
   </div>
   <div class='ocr_carea' id='block_1_3' title="bbox 555 1048 702 1117">
    <p class='ocr_par' dir='ltr' id='par_1_3' title="bbox 555 1048 702 1117">
     <span class='ocr_line' id='line_1_8' title="bbox 555 1048 702 1117; baseline 0.02 -4"><span class='ocrx_word' id='word_1_40' title='bbox 555 1048 702 1117; x_wconf 87' lang='lat' dir='ltr'>LXXIV.</span> 
     </span>
    </p>
   </div>
   <div class='ocr_carea' id='block_1_4' title="bbox 170 1145 860 1321">
    <p class='ocr_par' dir='ltr' id='par_1_4' title="bbox 170 1145 860 1321">
     <span class='ocr_line' id='line_1_9' title="bbox 170 1145 844 1232; baseline 0.003 -21"><span class='ocrx_word' id='word_1_41' title='bbox 170 1145 277 1211; x_wconf 90' lang='lat' dir='ltr'>Medio</span> <span class='ocrx_word' id='word_1_42' title='bbox 301 1146 460 1210; x_wconf 81' lang='lat' dir='ltr'>recumbit</span> <span class='ocrx_word' id='word_1_43' title='bbox 481 1147 566 1211; x_wconf 92' lang='lat' dir='ltr'>imus</span> <span class='ocrx_word' id='word_1_44' title='bbox 588 1148 645 1212; x_wconf 87' lang='lat' dir='ltr'>ille</span> <span class='ocrx_word' id='word_1_45' title='bbox 668 1149 724 1232; x_wconf 94' lang='lat' dir='ltr'>qui</span> <span class='ocrx_word' id='word_1_46' title='bbox 746 1149 844 1227; x_wconf 87' lang='lat' dir='ltr'>lecto,</span> 
     </span>
     <span class='ocr_line' id='line_1_10' title="bbox 171 1233 860 1321; baseline 0.003 -22"><span class='ocrx_word' id='word_1_47' title='bbox 171 1233 306 1299; x_wconf 83' lang='lat' dir='ltr'>Oalvam</span> <span class='ocrx_word' id='word_1_48' title='bbox 328 1235 461 1298; x_wconf 89' lang='lat' dir='ltr'>trifilem</span> <span class='ocrx_word' id='word_1_49' title='bbox 484 1235 654 1300; x_wconf 83' lang='lat' dir='ltr'>semitatus</span> <span class='ocrx_word' id='word_1_50' title='bbox 678 1241 860 1321; x_wconf 86' lang='lat' dir='ltr'>unguento,</span> 
     </span>
    </p>
   </div>
   <div class='ocr_carea' id='block_1_5' title="bbox 170 1320 907 1494">
    <p class='ocr_par' dir='ltr' id='par_1_5' title="bbox 170 1320 907 1494">
     <span class='ocr_line' id='line_1_11' title="bbox 171 1320 819 1407; baseline 0.006 -22"><span class='ocrx_word' id='word_1_51' title='bbox 171 1320 330 1407; x_wconf 83' lang='lat' dir='ltr'>Foditque</span> <span class='ocrx_word' id='word_1_52' title='bbox 352 1323 458 1388; x_wconf 90' lang='lat' dir='ltr'>tonsis</span> <span class='ocrx_word' id='word_1_53' title='bbox 482 1345 539 1387; x_wconf 89' lang='lat' dir='ltr'>ora</span> <span class='ocrx_word' id='word_1_54' title='bbox 560 1323 636 1389; x_wconf 87' lang='lat' dir='ltr'>laxa</span> <span class='ocrx_word' id='word_1_55' title='bbox 658 1324 819 1407; x_wconf 85' lang='lat' dir='ltr'>lentiscis,</span> 
     </span>
     <span class='ocr_line' id='line_1_12' title="bbox 170 1409 907 1494; baseline 0.001 -17"><span class='ocrx_word' id='word_1_56' title='bbox 170 1411 339 1494; x_wconf 80' lang='lat' dir='ltr'>Mentitur,</span> <span class='ocrx_word' id='word_1_57' title='bbox 373 1409 542 1476; x_wconf 85' lang='lat' dir='ltr'>Aefulano:</span> <span class='ocrx_word' id='word_1_58' title='bbox 575 1413 764 1478; x_wconf 91' lang='lat' dir='ltr'>nonhabet</span> <span class='ocrx_word' id='word_1_59' title='bbox 786 1412 907 1478; x_wconf 86' lang='lat' dir='ltr'>dentes.</span> 
     </span>
    </p>
   </div>
   <div class='ocr_carea' id='block_1_6' title="bbox 567 1553 695 1619">
    <p class='ocr_par' dir='ltr' id='par_1_6' title="bbox 567 1553 695 1619">
     <span class='ocr_line' id='line_1_13' title="bbox 567 1553 695 1619; baseline 0.008 -2"><span class='ocrx_word' id='word_1_60' title='bbox 567 1553 695 1619; x_wconf 83' lang='lat' dir='ltr'>LXXV.</span> 
     </span>
    </p>
   </div>
   <div class='ocr_carea' id='block_1_7' title="bbox 172 1656 1172 2009">
    <p class='ocr_par' dir='ltr' id='par_1_7' title="bbox 172 1656 1172 2009">
     <span class='ocr_line' id='line_1_14' title="bbox 172 1656 1172 1745; baseline 0.003 -23"><span class='ocrx_word' id='word_1_61' title='bbox 172 1656 253 1722; x_wconf 68' lang='lat' dir='ltr'>(lum</span> <span class='ocrx_word' id='word_1_62' title='bbox 276 1658 379 1724; x_wconf 88' lang='lat' dir='ltr'>mittis</span> <span class='ocrx_word' id='word_1_63' title='bbox 401 1660 571 1724; x_wconf 81' lang='lat' dir='ltr'>turdumve</span> <span class='ocrx_word' id='word_1_64' title='bbox 594 1661 674 1724; x_wconf 90' lang='lat' dir='ltr'>mihi</span> <span class='ocrx_word' id='word_1_65' title='bbox 696 1661 894 1745; x_wconf 81' lang='lat' dir='ltr'>quadramve</span> <span class='ocrx_word' id='word_1_66' title='bbox 917 1660 1098 1743; x_wconf 84' lang='lat' dir='ltr'>placentae,</span> <span class='ocrx_word' id='word_1_67' title='bbox 1167 1669 1172 1679; x_wconf 84' lang='lat'><strong><em>&#39;</em></strong></span> 
     </span>
     <span class='ocr_line' id='line_1_15' title="bbox 215 1746 1052 1834; baseline 0 -22"><span class='ocrx_word' id='word_1_68' title='bbox 215 1746 289 1812; x_wconf 82' lang='lat' dir='ltr'>Siva</span> <span class='ocrx_word' id='word_1_69' title='bbox 311 1747 416 1812; x_wconf 88' lang='lat' dir='ltr'>femur</span> <span class='ocrx_word' id='word_1_70' title='bbox 437 1746 572 1832; x_wconf 88' lang='lat' dir='ltr'>leporis,</span> <span class='ocrx_word' id='word_1_71' title='bbox 595 1748 662 1813; x_wconf 87' lang='lat' dir='ltr'>sive</span> <span class='ocrx_word' id='word_1_72' title='bbox 685 1749 762 1832; x_wconf 91' lang='lat' dir='ltr'>quid</span> <span class='ocrx_word' id='word_1_73' title='bbox 784 1749 836 1813; x_wconf 90' lang='lat' dir='ltr'>his</span> <span class='ocrx_word' id='word_1_74' title='bbox 860 1748 964 1813; x_wconf 89' lang='lat' dir='ltr'>simile</span> <span class='ocrx_word' id='word_1_75' title='bbox 988 1753 1052 1834; x_wconf 89' lang='lat' dir='ltr'>est,</span> 
     </span>
     <span class='ocr_line' id='line_1_16' title="bbox 172 1834 900 1922; baseline 0.004 -23"><span class='ocrx_word' id='word_1_76' title='bbox 172 1835 322 1900; x_wconf 89' lang='lat' dir='ltr'>Bucellas</span> <span class='ocrx_word' id='word_1_77' title='bbox 344 1834 471 1899; x_wconf 87' lang='lat' dir='ltr'>misisse</span> <span class='ocrx_word' id='word_1_78' title='bbox 493 1839 566 1900; x_wconf 88' lang='lat' dir='ltr'>tuas</span> <span class='ocrx_word' id='word_1_79' title='bbox 589 1841 635 1920; x_wconf 91' lang='lat' dir='ltr'>te,</span> <span class='ocrx_word' id='word_1_80' title='bbox 657 1835 788 1922; x_wconf 90' lang='lat' dir='ltr'>Pontia,</span> <span class='ocrx_word' id='word_1_81' title='bbox 811 1837 900 1902; x_wconf 89' lang='lat' dir='ltr'>dicis.</span> 
     </span>
     <span class='ocr_line' id='line_1_17' title="bbox 214 1922 1056 2009; baseline 0.007 -23"><span class='ocrx_word' id='word_1_82' title='bbox 214 1922 283 1987; x_wconf 88' lang='lat' dir='ltr'>Has</span> <span class='ocrx_word' id='word_1_83' title='bbox 307 1942 367 2006; x_wconf 84' lang='lat' dir='ltr'>ego</span> <span class='ocrx_word' id='word_1_84' title='bbox 389 1944 456 1987; x_wconf 90' lang='lat' dir='ltr'>non</span> <span class='ocrx_word' id='word_1_85' title='bbox 477 1924 618 2007; x_wconf 89' lang='lat' dir='ltr'>mittam,</span> <span class='ocrx_word' id='word_1_86' title='bbox 640 1923 771 2009; x_wconf 87' lang='lat' dir='ltr'>Pontia,</span> <span class='ocrx_word' id='word_1_87' title='bbox 794 1926 849 1989; x_wconf 91' lang='lat' dir='ltr'>sed</span> <span class='ocrx_word' id='word_1_88' title='bbox 872 1946 931 1990; x_wconf 92' lang='lat' dir='ltr'>nec</span> <span class='ocrx_word' id='word_1_89' title='bbox 954 1925 1056 1992; x_wconf 86' lang='lat' dir='ltr'>edam.</span> 
     </span>
    </p>
   </div>
   <div class='ocr_carea' id='block_1_8' title="bbox 559 2063 704 2129">
    <p class='ocr_par' dir='ltr' id='par_1_8' title="bbox 559 2063 704 2129">
     <span class='ocr_line' id='line_1_18' title="bbox 559 2063 704 2129; baseline 0.014 -2"><span class='ocrx_word' id='word_1_90' title='bbox 559 2063 704 2129; x_wconf 88' lang='lat' dir='ltr'>LXXVI.</span> 
     </span>
    </p>
   </div>
   <div class='ocr_carea' id='block_1_9' title="bbox 144 2168 1105 2694">
    <p class='ocr_par' dir='ltr' id='par_1_9' title="bbox 144 2168 1105 2694">
     <span class='ocr_line' id='line_1_19' title="bbox 170 2168 948 2254; baseline 0 -21"><span class='ocrx_word' id='word_1_91' title='bbox 170 2169 231 2234; x_wconf 90' lang='lat' dir='ltr'>Ille</span> <span class='ocrx_word' id='word_1_92' title='bbox 255 2169 339 2234; x_wconf 89' lang='lat' dir='ltr'>sacri</span> <span class='ocrx_word' id='word_1_93' title='bbox 360 2170 473 2234; x_wconf 89' lang='lat' dir='ltr'>lateris</span> <span class='ocrx_word' id='word_1_94' title='bbox 496 2173 604 2234; x_wconf 90' lang='lat' dir='ltr'>custos</span> <span class='ocrx_word' id='word_1_95' title='bbox 627 2168 805 2252; x_wconf 87' lang='lat' dir='ltr'>Martisque</span> <span class='ocrx_word' id='word_1_96' title='bbox 827 2170 948 2254; x_wconf 86' lang='lat' dir='ltr'>togati,</span> 
     </span>
     <span class='ocr_line' id='line_1_20' title="bbox 215 2255 928 2340; baseline -0.003 -18"><span class='ocrx_word' id='word_1_97' title='bbox 215 2255 346 2322; x_wconf 83' lang='lat' dir='ltr'>Credita</span> <span class='ocrx_word' id='word_1_98' title='bbox 369 2258 420 2322; x_wconf 90' lang='lat' dir='ltr'>cui</span> <span class='ocrx_word' id='word_1_99' title='bbox 443 2257 560 2322; x_wconf 90' lang='lat' dir='ltr'>summi</span> <span class='ocrx_word' id='word_1_100' title='bbox 583 2260 691 2322; x_wconf 88' lang='lat' dir='ltr'>castra</span> <span class='ocrx_word' id='word_1_101' title='bbox 713 2257 803 2321; x_wconf 88' lang='lat' dir='ltr'>fuere</span> <span class='ocrx_word' id='word_1_102' title='bbox 826 2258 928 2340; x_wconf 91' lang='lat' dir='ltr'>ducis,</span> 
     </span>
     <span class='ocr_line' id='line_1_21' title="bbox 170 2344 1105 2428; baseline 0 -18"><span class='ocrx_word' id='word_1_103' title='bbox 170 2346 234 2411; x_wconf 91' lang='lat' dir='ltr'>Hic</span> <span class='ocrx_word' id='word_1_104' title='bbox 256 2346 338 2410; x_wconf 91' lang='lat' dir='ltr'>situs</span> <span class='ocrx_word' id='word_1_105' title='bbox 361 2350 412 2411; x_wconf 90' lang='lat' dir='ltr'>est</span> <span class='ocrx_word' id='word_1_106' title='bbox 432 2344 563 2410; x_wconf 87' lang='lat' dir='ltr'>Fuscus.</span> <span class='ocrx_word' id='word_1_107' title='bbox 606 2345 697 2411; x_wconf 86' lang='lat' dir='ltr'>Licet</span> <span class='ocrx_word' id='word_1_108' title='bbox 719 2345 792 2424; x_wconf 86' lang='lat' dir='ltr'>hoo,</span> <span class='ocrx_word' id='word_1_109' title='bbox 815 2344 973 2428; x_wconf 82' lang='lat' dir='ltr'>Fortuna,</span> <span class='ocrx_word' id='word_1_110' title='bbox 996 2346 1105 2411; x_wconf 86' lang='lat' dir='ltr'>lateri:</span> 
     </span>
     <span class='ocr_line' id='line_1_22' title="bbox 144 2433 986 2517; baseline -0.004 -18"><span class='ocrx_word' id='word_1_111' title='bbox 144 2436 146 2439; x_wconf 76' lang='grc'><strong>’</strong></span> <span class='ocrx_word' id='word_1_112' title='bbox 214 2433 290 2499; x_wconf 92' lang='lat' dir='ltr'>Non</span> <span class='ocrx_word' id='word_1_113' title='bbox 312 2435 408 2499; x_wconf 90' lang='lat' dir='ltr'>timet</span> <span class='ocrx_word' id='word_1_114' title='bbox 428 2433 565 2498; x_wconf 91' lang='lat' dir='ltr'>hostiles</span> <span class='ocrx_word' id='word_1_115' title='bbox 587 2434 654 2498; x_wconf 91' lang='lat' dir='ltr'>iam</span> <span class='ocrx_word' id='word_1_116' title='bbox 675 2434 759 2517; x_wconf 89' lang='lat' dir='ltr'>lapis</span> <span class='ocrx_word' id='word_1_117' title='bbox 783 2434 845 2497; x_wconf 87' lang='lat' dir='ltr'>iste</span> <span class='ocrx_word' id='word_1_118' title='bbox 868 2433 986 2515; x_wconf 80' lang='lat' dir='ltr'>minas3</span> 
     </span>
     <span class='ocr_line' id='line_1_23' title="bbox 144 2522 1012 2608; baseline -0.002 -21"><span class='ocrx_word' id='word_1_119' title='bbox 144 2523 300 2589; x_wconf 74' lang='lat' dir='ltr'>sGrandc</span> <span class='ocrx_word' id='word_1_120' title='bbox 322 2523 436 2608; x_wconf 83' lang='lat' dir='ltr'>iugum</span> <span class='ocrx_word' id='word_1_121' title='bbox 459 2522 582 2587; x_wconf 89' lang='lat' dir='ltr'>domita</span> <span class='ocrx_word' id='word_1_122' title='bbox 603 2522 711 2586; x_wconf 90' lang='lat' dir='ltr'>Dacus</span> <span class='ocrx_word' id='word_1_123' title='bbox 735 2522 856 2587; x_wconf 86' lang='lat' dir='ltr'>cervice</span> <span class='ocrx_word' id='word_1_124' title='bbox 879 2522 1012 2606; x_wconf 85' lang='lat' dir='ltr'>recepit,</span> 
     </span>
     <span class='ocr_line' id='line_1_24' title="bbox 214 2609 1028 2694; baseline -0.002 -18"><span class='ocrx_word' id='word_1_125' title='bbox 214 2610 259 2676; x_wconf 84' lang='lat' dir='ltr'>Et</span> <span class='ocrx_word' id='word_1_126' title='bbox 281 2609 439 2675; x_wconf 90' lang='lat' dir='ltr'>famulum</span> <span class='ocrx_word' id='word_1_127' title='bbox 461 2611 578 2676; x_wconf 85' lang='lat' dir='ltr'>victrix</span> <span class='ocrx_word' id='word_1_128' title='bbox 599 2610 745 2694; x_wconf 90' lang='lat' dir='ltr'>possidet</span> <span class='ocrx_word' id='word_1_129' title='bbox 767 2611 881 2675; x_wconf 90' lang='lat' dir='ltr'>umbra</span> <span class='ocrx_word' id='word_1_130' title='bbox 904 2632 1028 2674; x_wconf 90' lang='lat' dir='ltr'>nemus.</span> 
     </span>
    </p>
   </div>
   <div class='ocr_carea' id='block_1_10' title="bbox 547 2751 711 2818">
    <p class='ocr_par' dir='ltr' id='par_1_10' title="bbox 547 2751 711 2818">
     <span class='ocr_line' id='line_1_25' title="bbox 547 2751 711 2818; baseline 0.012 -2"><span class='ocrx_word' id='word_1_131' title='bbox 547 2751 711 2818; x_wconf 88' lang='lat' dir='ltr'>LXXVII.</span> 
     </span>
    </p>
   </div>
   <div class='ocr_carea' id='block_1_11' title="bbox 128 2848 1129 3802">
    <p class='ocr_par' dir='ltr' id='par_1_11' title="bbox 128 2848 1129 3802">
     <span class='ocr_line' id='line_1_26' title="bbox 175 2848 1097 2934; baseline -0.003 -19"><span class='ocrx_word' id='word_1_132' title='bbox 175 2850 256 2915; x_wconf 79' lang='lat' dir='ltr'>Oum</span> <span class='ocrx_word' id='word_1_133' title='bbox 278 2850 324 2915; x_wconf 85' lang='lat' dir='ltr'>sis</span> <span class='ocrx_word' id='word_1_134' title='bbox 347 2854 416 2914; x_wconf 89' lang='lat' dir='ltr'>tam</span> <span class='ocrx_word' id='word_1_135' title='bbox 438 2871 573 2934; x_wconf 91' lang='lat' dir='ltr'>pauper,</span> <span class='ocrx_word' id='word_1_136' title='bbox 597 2871 692 2934; x_wconf 90' lang='lat' dir='ltr'>quam</span> <span class='ocrx_word' id='word_1_137' title='bbox 716 2871 775 2914; x_wconf 90' lang='lat' dir='ltr'>nec</span> <span class='ocrx_word' id='word_1_138' title='bbox 797 2849 990 2914; x_wconf 90' lang='lat' dir='ltr'>miserabilis</span> <span class='ocrx_word' id='word_1_139' title='bbox 1012 2848 1097 2932; x_wconf 87' lang='lat' dir='ltr'>Iros,</span> 
     </span>
     <span class='ocr_line' id='line_1_27' title="bbox 215 2937 1051 3023; baseline -0.006 -19"><span class='ocrx_word' id='word_1_140' title='bbox 215 2939 296 3005; x_wconf 81' lang='lat' dir='ltr'>&#39;Iam</span> <span class='ocrx_word' id='word_1_141' title='bbox 319 2937 457 3022; x_wconf 86' lang='lat' dir='ltr'>iuvenis,</span> <span class='ocrx_word' id='word_1_142' title='bbox 480 2960 576 3023; x_wconf 90' lang='lat' dir='ltr'>quam</span> <span class='ocrx_word' id='word_1_143' title='bbox 598 2959 657 3003; x_wconf 87' lang='lat' dir='ltr'>nec</span> <span class='ocrx_word' id='word_1_144' title='bbox 680 2937 943 3023; x_wconf 88' lang='lat' dir='ltr'>Parthenopaeus</span> <span class='ocrx_word' id='word_1_145' title='bbox 968 2940 1051 3015; x_wconf 91' lang='lat' dir='ltr'>erat,</span> 
     </span>
     <span class='ocr_line' id='line_1_28' title="bbox 171 3025 1129 3110; baseline -0.001 -20"><span class='ocrx_word' id='word_1_146' title='bbox 171 3027 251 3093; x_wconf 83' lang='lat' dir='ltr'>Tam</span> <span class='ocrx_word' id='word_1_147' title='bbox 273 3026 368 3092; x_wconf 87' lang='lat' dir='ltr'>fortis</span> <span class='ocrx_word' id='word_1_148' title='bbox 374 3077 383 3110; x_wconf 91' lang='lat'>,</span> <span class='ocrx_word' id='word_1_149' title='bbox 406 3048 503 3110; x_wconf 88' lang='lat' dir='ltr'>quam</span> <span class='ocrx_word' id='word_1_150' title='bbox 526 3047 598 3110; x_wconf 90' lang='lat' dir='ltr'>nec,</span> <span class='ocrx_word' id='word_1_151' title='bbox 620 3047 692 3090; x_wconf 92' lang='lat' dir='ltr'>cum</span> <span class='ocrx_word' id='word_1_152' title='bbox 715 3025 869 3106; x_wconf 83' lang='lat' dir='ltr'>vinceret,</span> <span class='ocrx_word' id='word_1_153' title='bbox 892 3025 1129 3108; x_wconf 84' lang='lat' dir='ltr'>Artemidorus,</span> 
     </span>
     <span class='ocr_line' id='line_1_29' title="bbox 215 3112 1013 3199; baseline -0.003 -19"><span class='ocrx_word' id='word_1_154' title='bbox 215 3115 299 3192; x_wconf 80' lang='lat' dir='ltr'>Quid</span> <span class='ocrx_word' id='word_1_155' title='bbox 321 3119 354 3179; x_wconf 92' lang='lat' dir='ltr'>te</span> <span class='ocrx_word' id='word_1_156' title='bbox 377 3112 604 3199; x_wconf 78' lang='lat' dir='ltr'>Cappadocum</span> <span class='ocrx_word' id='word_1_157' title='bbox 627 3136 683 3178; x_wconf 87' lang='lat' dir='ltr'>sex</span> <span class='ocrx_word' id='word_1_158' title='bbox 706 3136 786 3178; x_wconf 92' lang='lat' dir='ltr'>onus</span> <span class='ocrx_word' id='word_1_159' title='bbox 809 3135 879 3178; x_wconf 88' lang='lat' dir='ltr'>esse</span> <span class='ocrx_word' id='word_1_160' title='bbox 901 3113 1013 3178; x_wconf 76' lang='lat' dir='ltr'>iuvat?</span> 
     </span>
     <span class='ocr_line' id='line_1_30' title="bbox 146 3201 948 3288; baseline -0.006 -19"><span class='ocrx_word' id='word_1_161' title='bbox 146 3203 299 3269; x_wconf 78' lang='lat' dir='ltr'>oRideris</span> <span class='ocrx_word' id='word_1_162' title='bbox 322 3203 490 3287; x_wconf 86' lang='lat' dir='ltr'>multoque</span> <span class='ocrx_word' id='word_1_163' title='bbox 513 3203 617 3288; x_wconf 85' lang='lat' dir='ltr'>magis</span> <span class='ocrx_word' id='word_1_164' title='bbox 640 3203 832 3282; x_wconf 76' lang='lat' dir='ltr'>traducaris,</span> <span class='ocrx_word' id='word_1_165' title='bbox 855 3201 948 3285; x_wconf 85' lang='lat' dir='ltr'>Afer,</span> 
     </span>
     <span class='ocr_line' id='line_1_31' title="bbox 214 3290 890 3376; baseline -0.004 -20"><span class='ocrx_word' id='word_1_166' title='bbox 214 3291 318 3367; x_wconf 81' lang='lat' dir='ltr'>Quam</span> <span class='ocrx_word' id='word_1_167' title='bbox 340 3292 444 3356; x_wconf 90' lang='lat' dir='ltr'>nudus</span> <span class='ocrx_word' id='word_1_168' title='bbox 468 3291 573 3355; x_wconf 88' lang='lat' dir='ltr'>medio</span> <span class='ocrx_word' id='word_1_169' title='bbox 598 3291 626 3355; x_wconf 91' lang='lat' dir='ltr'>si</span> <span class='ocrx_word' id='word_1_170' title='bbox 648 3290 786 3376; x_wconf 88' lang='lat' dir='ltr'>spatiere</span> <span class='ocrx_word' id='word_1_171' title='bbox 809 3291 890 3354; x_wconf 80' lang='lat' dir='ltr'>loru.</span> 
     </span>
     <span class='ocr_line' id='line_1_32' title="bbox 170 3377 1105 3463; baseline -0.002 -19"><span class='ocrx_word' id='word_1_172' title='bbox 170 3379 246 3446; x_wconf 93' lang='lat' dir='ltr'>Non</span> <span class='ocrx_word' id='word_1_173' title='bbox 269 3380 363 3444; x_wconf 88' lang='lat' dir='ltr'>aliter</span> <span class='ocrx_word' id='word_1_174' title='bbox 384 3382 584 3445; x_wconf 87' lang='lat' dir='ltr'>monstratur</span> <span class='ocrx_word' id='word_1_175' title='bbox 602 3379 721 3444; x_wconf 85' lang='lat' dir='ltr'>Atlans</span> <span class='ocrx_word' id='word_1_176' title='bbox 744 3400 817 3443; x_wconf 92' lang='lat' dir='ltr'>cum</span> <span class='ocrx_word' id='word_1_177' title='bbox 839 3399 988 3462; x_wconf 88' lang='lat' dir='ltr'>compare</span> <span class='ocrx_word' id='word_1_178' title='bbox 1008 3377 1105 3463; x_wconf 82' lang='lat' dir='ltr'>ginno</span> 
     </span>
     <span class='ocr_line' id='line_1_33' title="bbox 214 3465 1012 3554; baseline -0.004 -21"><span class='ocrx_word' id='word_1_179' title='bbox 214 3469 366 3554; x_wconf 80' lang='lat' dir='ltr'>Quaeque</span> <span class='ocrx_word' id='word_1_180' title='bbox 388 3469 479 3534; x_wconf 87' lang='lat' dir='ltr'>vehit</span> <span class='ocrx_word' id='word_1_181' title='bbox 500 3468 639 3532; x_wconf 88' lang='lat' dir='ltr'>similem</span> <span class='ocrx_word' id='word_1_182' title='bbox 661 3467 758 3532; x_wconf 87' lang='lat' dir='ltr'>belua</span> <span class='ocrx_word' id='word_1_183' title='bbox 778 3466 874 3550; x_wconf 85' lang='lat' dir='ltr'>nigra</span> <span class='ocrx_word' id='word_1_184' title='bbox 895 3465 1012 3550; x_wconf 87' lang='lat' dir='ltr'>Libyn.</span> 
     </span>
     <span class='ocr_line' id='line_1_34' title="bbox 169 3554 930 3640; baseline -0.008 -16"><span class='ocrx_word' id='word_1_185' title='bbox 169 3557 333 3624; x_wconf 79' lang='lat' dir='ltr'>Invidiosa</span> <span class='ocrx_word' id='word_1_186' title='bbox 353 3556 416 3621; x_wconf 90' lang='lat' dir='ltr'>tibi</span> <span class='ocrx_word' id='word_1_187' title='bbox 439 3578 535 3640; x_wconf 91' lang='lat' dir='ltr'>quam</span> <span class='ocrx_word' id='word_1_188' title='bbox 558 3556 602 3620; x_wconf 92' lang='lat' dir='ltr'>sit</span> <span class='ocrx_word' id='word_1_189' title='bbox 623 3555 749 3638; x_wconf 88' lang='lat' dir='ltr'>lectica,</span> <span class='ocrx_word' id='word_1_190' title='bbox 773 3554 930 3639; x_wconf 78' lang='lat' dir='ltr'>requiris?</span> 
     </span>
     <span class='ocr_line' id='line_1_35' title="bbox 128 3642 905 3730; baseline -0.004 -19"><span class='ocrx_word' id='word_1_191' title='bbox 128 3659 162 3711; x_wconf 83' lang='lat'>1⁰</span> <span class='ocrx_word' id='word_1_192' title='bbox 213 3643 290 3712; x_wconf 86' lang='lat' dir='ltr'>Non</span> <span class='ocrx_word' id='word_1_193' title='bbox 313 3644 408 3711; x_wconf 84' lang='lat' dir='ltr'>debes</span> <span class='ocrx_word' id='word_1_194' title='bbox 430 3643 510 3711; x_wconf 83' lang='lat' dir='ltr'>ferri</span> <span class='ocrx_word' id='word_1_195' title='bbox 532 3648 681 3712; x_wconf 87' lang='lat' dir='ltr'>mortuus</span> <span class='ocrx_word' id='word_1_196' title='bbox 702 3642 905 3730; x_wconf 75' lang='lat' dir='ltr'>hexaphoro.</span> 
     </span>
     <span class='ocr_line' id='line_1_36' title="bbox 167 3748 1003 3802; baseline -0.01 0"><span class='ocrx_word' id='word_1_197' title='bbox 167 3756 250 3802; x_wconf 67' lang='grc' dir='ltr'>κω.</span> <span class='ocrx_word' id='word_1_198' title='bbox 961 3748 1003 3796; x_wconf 66' lang='lat' dir='ltr'>xo</span> 
     </span>
    </p>
   </div>
   <div class='ocr_carea' id='block_1_12' title="bbox 0 0 1217 4132">
    <p class='ocr_par' dir='ltr' id='par_1_12' title="bbox 0 0 1217 4132">
     <span class='ocr_line' id='line_1_37' title="bbox 0 0 1217 4132; baseline 0 0"><span class='ocrx_word' id='word_1_199' title='bbox 0 0 1217 4132; x_wconf 95' lang='lat' dir='ltr'> </span> 
     </span>
    </p>
   </div>
  </div>
 </body>
</html>
