2408 4132
91 441 155 509 308
415 442 453 500 II.
470 441 551 497 VAL.
568 440 768 496 nnul'rffls

564 603 623 668 ΠΙ.

135 710 248 776 Omnis
270 711 306 775 in
326 711 390 776 hoo
412 709 528 796 gracili
549 708 739 775 Xumouun
759 709 858 774 turba
881 708 1005 778 libello

179 797 352 864 Constabit
373 797 514 863 nummis
538 801 690 882 quattuor
713 800 822 881 empta
843 797 917 862 tibi.
1002 804 1006 811 '

136 886 295 963 Quattuor
318 893 369 952 est
390 886 549 950 nimium?
571 886 693 969 poterit
715 889 864 951 constare
888 887 1037 967 duobus,

178 975 223 1039 Et
243 974 343 1041 faciet
364 975 490 1039 luorum
512 973 693 1058 bibliopola
715 973 879 1058 Tryphon.

110 1061 225 1128 5Hoeo
246 1063 323 1128 lieet
345 1062 529 1147 hospitibus
551 1083 613 1146 pro
635 1084 766 1126 munere
789 1061 930 1126 disticha
953 1063 1087 1143 mittas,

179 1149 214 1215 Si
235 1151 297 1216 tibi
319 1155 388 1215 tom
410 1171 516 1234 rurus,
540 1172 637 1234 quam
659 1149 754 1232 mibi,
776 1171 929 1214 nummus
953 1153 1030 1217 erit.

135 1239 256 1304 Addita
276 1261 334 1323 per
355 1238 470 1303 titulos
494 1259 553 1303 sua
574 1237 708 1303 nomino
728 1239 824 1303 rebus
846 1237 1005 1305 habebis:

178 1327 380 1411 Praetereas,
404 1327 432 1390 si
455 1325 532 1410 quid
553 1348 620 1391 non
641 1324 721 1391 feeit
743 1325 784 1391 ud
807 1326 1028 1393 stomachum.

513 1465 569 1532 IV.
600 1466 672 1533 Tus.

135 1569 231 1636 Serus
254 1574 291 1636 ut
315 1572 477 1636 aetheriae
502 1570 713 1637 Germanicus
736 1572 873 1657 imperet
896 1571 995 1638 sulse

179 1660 287 1742 thue
310 1661 364 1724 diu
386 1661 498 1742 terris,
521 1659 562 1724 da
584 1660 639 1745 pie
659 1664 736 1725 ture
757 1659 837 1724 Iovi.

508 1814 548 1880 v.
577 1815 681 1898 uper.

136 1920 237 1987 (lorea
259 1944 342 2007 quoe
364 1921 476 2005 patulo
500 1922 587 1986 lueet
610 1921 745 1986 ficedula
767 1922 892 2006 lumbo,

180 2009 261 2075 Cum
283 2010 346 2076 tibi
369 2013 456 2074 sorte
479 2009 586 2089 datur,
610 2011 639 2074 si
661 2011 763 2095 sapis,
786 2009 866 2074 adde
888 2010 996 2098 piper.

500 2166 557 2233 VI.
588 2168 691 2234 Alica.

135 2273 205 2341 Nos
228 2274 357 2358 alicam,
380 2275 501 2358 poterit
524 2274 665 2339 mulsum
687 2273 750 2339 tibi
771 2273 900 2340 mittere
923 2275 1030 2346 dives.

180 2362 215 2428 si
237 2362 300 2428 tibi
321 2362 463 2427 noluerit
485 2364 615 2428 mittere
638 2361 740 2442 dives,
763 2383 858 2427 emes.

477 2519 564 2588 -VIL
591 2520 691 2587 Falco

137 2625 172 2693 Si
195 2628 322 2711 spumet
344 2627 443 2691 rubra
466 2626 598 2691 oonobis
619 2627 682 2691 tibi
702 2625 826 2710 pallide
846 2629 947 2713 testu,

178 2713 358 2779 Lautorum
379 2714 467 2779 senis
491 2736 586 2798 saepe
607 2735 727 2799 negare
749 2718 853 2799 polee.

495 2870 586 2936 VIII.
613 2871 692 2936 For.

135 2976 248 3042 imbue
270 2975 413 3060 plebeias
436 2973 578 3040 Clusinis
601 2976 747 3058 pultibus
769 2978 868 3061 ollas,

179 3064 226 3130 Ut
250 3067 340 3129 satur
362 3064 398 3129 in
419 3063 529 3130 roonis
553 3063 658 3128 dulcis
680 3069 789 3131 musto
811 3067 914 3147 bibus.

510 3220 682 3289 IXLenr.

136 3329 256 3412 Aooipe
278 3326 452 3411 Niliacam,
474 3326 603 3392 Pelusia
626 3349 772 3411 munera,
795 3328 931 3395 lentem:

181 3414 287 3483 Vilior
311 3421 360 3482 est
382 3417 479 3500 alios,
503 3416 605 3480 carior
627 3415 686 3479 illu
707 3414 793 3481 fobe.

500 3572 539 3640 X.
566 3572 688 3640 Similae

137 3679 205 3748 Neo
228 3681 319 3746 dotes
343 3679 468 3745 similae
490 3680 596 3764 possis
618 3700 788 3745 numerare
809 3701 869 3745 neo
890 3703 984 3769 usur,

174 3769 298 3838 Pistori
321 3768 445 3837 totiens
469 3790 544 3836 eum
564 3754 873 3864 moseo.
