2408 4132
398 334 695 415 urrssnnnnrou
713 338 780 394 urs.
799 339 819 394 r
1068 340 1109 404 27

144 495 273 561 Mutare
296 497 461 562 dominum
484 520 551 562 non
573 503 684 582 potest
706 501 790 565 liber
811 505 914 567 notus.

101 601 134 649 10
146 583 210 649 Sed
233 585 398 669 pumicata
420 585 528 650 fronte
551 588 579 650 si
603 588 676 671 quis
699 593 750 653 est
771 589 915 655 nondum

144 672 213 737 Nee
235 673 399 738 umbilicis
422 675 528 738 cultus
553 679 650 758 atque
674 679 875 761 membrana,

144 761 303 826 Mercare:
325 762 408 827 tales
432 762 551 846 habeo;
572 785 631 829 nec
655 765 735 830 sciet
757 767 937 849 quisquam.

144 849 261 913 Aliena
285 850 430 933 quisquis
454 852 570 916 recitat
594 856 627 916 et
649 854 734 937 petit
756 854 892 936 famam,

143 936 220 1002 Non
243 959 349 1002 emere
372 938 507 1022 librum,
530 939 585 1003 sed
609 940 773 1006 silentium
797 942 900 1006 debet.

538 1061 670 1129 LXVII.

142 1167 259 1252 „Liber
275 1166 374 1233 homo
393 1190 427 1232 es
445 1168 609 1251 nimium“,
624 1170 704 1235 dicis
724 1171 816 1254 mihi,
831 1170 958 1254 Ceryle,
972 1193 1106 1257 semper.

187 1255 227 1319 In
248 1259 280 1321 te
304 1256 376 1341 quis
399 1257 492 1340 dicit,
516 1255 644 1341 Cerylo:
666 1259 768 1343 „liber
790 1258 888 1325 homo
912 1259 986 1324 es“‘?

529 1398 677 1464 LXVIH.

144 1503 306 1588 Quidquid
331 1504 402 1589 agit
423 1501 542 1589 Rufus,
564 1505 648 1569 nihil
671 1507 721 1570 est
743 1504 806 1570 nisi
829 1505 954 1570 Naevia
976 1505 1071 1571 Rufo.

188 1589 224 1656 Si
247 1591 380 1677 gaudet,
402 1592 430 1656 si
452 1593 522 1676 fiet,
546 1594 574 1658 si
596 1597 697 1679 tacet,
720 1593 803 1658 hanc
826 1595 976 1677 loquitur.

143 1679 259 1762 Cenat,
281 1680 446 1780 propinat,
470 1683 590 1766 poscit,
612 1687 724 1768 negat,
746 1682 867 1746 innuit:
889 1705 954 1746 una
977 1688 1026 1746 est

185 1767 326 1852 Naevia,
351 1790 380 1831 ar
402 1789 469 1833 non
491 1769 536 1834 sit
557 1769 696 1852 Naevia,
721 1773 830 1836 mutus
854 1771 926 1835 erit.

115 1855 305 1921 ascriberet
327 1856 482 1920 hesterna
504 1859 592 1942 patri
616 1881 689 1922 cum
711 1859 781 1923 luce
804 1859 956 1940 salutern,

185 1944 331 2028 „Naevia
353 1944 426 2008 lux“
449 1945 556 2029 inquit
579 1945 723 2029 „Naevia
744 1947 867 2027 lumen,
889 1946 1000 2011 have.“

142 2032 231 2097 Haec
253 2033 336 2119 legit
360 2037 392 2096 et
414 2033 498 2097 ridet
522 2034 661 2122 demisso
684 2033 809 2100 Naevia
832 2035 933 2099 vultu.

155 2168 159 2175 -
185 2119 313 2186 Naevia
334 2142 400 2185 non
423 2143 488 2185 una
511 2126 575 2186 est:
598 2122 689 2205 quid,
711 2122 761 2186 vir
783 2123 907 2206 inepte,
929 2123 1033 2187 furis?

544 2262 658 2327 LXIX.

142 2367 271 2451 Coepit,
293 2365 447 2451 Maxime,
469 2368 560 2432 Pana
583 2370 638 2453 qui
663 2369 804 2453 solebat,

141 2455 236 2521 Nunc
259 2456 428 2521 ostendere
451 2455 587 2522 Canium
610 2457 778 2522 Tarentos.

551 2597 647 2661 LXX.

139 2701 230 2767 Vade
254 2702 431 2768 salutatum
454 2726 513 2788 pro
537 2725 601 2786 me,
624 2705 720 2768 liber:
743 2704 790 2768 ire
813 2705 934 2768 iuberis

185 2791 236 2856 Ad
260 2791 391 2856 Proculi
413 2792 548 2877 nitidos,
571 2792 728 2872 officiose,
752 2794 846 2858 lares.

141 2880 276 2956 Quaeris
299 2879 376 2964 iter,
399 2881 512 2945 dicam.
558 2879 676 2946 Vicinu
733 2880 870 2947 Castora
910 2904 990 2946 anae

183 2968 351 3033 Transibis
375 2968 496 3032 Vestae
519 2904 933 3054 virgmearffl3
975 3049 979 3057 Ι
1016 3038 1020 3045 ,
1045 3024 1047 3028 a

112 3056 217 3120 oInde
241 3078 333 3121 sacro
356 3056 538 3121 veneranda
561 3061 652 3140 petes
675 3058 805 3122 Palatia
827 3058 925 3141 olivo,
943 3048 1055 3158 ἦ]

181 3144 328 3208 Plurima
351 3165 415 3227 qua
438 3147 556 3209 summi
578 3145 684 3231 fulget
707 3147 816 3231 imago
837 3146 935 3212 ducis

137 3231 207 3299 Nec
229 3236 263 3296 te
285 3232 430 3297 detineat
452 3233 527 3296 miri
549 3234 675 3298 radiata
698 3234 815 3299 colossi

183 3321 273 3397 Quae
295 3319 457 3385 Rhodium
482 3322 583 3386 moles
605 3323 734 3386 vincere
758 3324 878 3408 gaudet
902 3346 992 3407 opus.

137 3409 245 3474 Flecte
269 3409 338 3473 vias
361 3409 422 3473 hac
446 3432 510 3493 qua
532 3410 653 3475 madidi
677 3415 752 3474 sunt
775 3415 863 3476 tecta
885 3412 1021 3496 Lyaeia

95 3515 128 3563 10
180 3497 226 3562 Et
250 3496 385 3580 Cybeles
407 3497 496 3580 picto
520 3502 587 3564 stat
610 3498 795 3582 Corybante
814 3499 932 3565 tholus.
975 3509 1000 3563 Ξ·
1028 3530 1032 3537 ·
1061 3558 1065 3565 ,
1093 3542 1118 3557 ·.

137 3586 290 3653 Protinus
314 3608 334 3651 a
356 3585 450 3650 laeva
472 3586 551 3652 clari
573 3588 637 3652 tibi
658 3587 765 3652 fronte
789 3584 927 3653 Penates

177 3674 339 3759 Atriaque
360 3673 612 3767 excolendum
633 3677 789 3747 adeunda
811 3677 944 3744 domus.
