2408 4132
344 341 461 395 INDEX
478 341 778 398 EPIGRAMMATON.
997 337 1061 404 363

58 499 103 554 Ne
122 499 220 553 laudet
238 498 346 568 dignos,
366 500 465 554 laudat
484 500 662 555 Callistratus
682 517 776 555 omnes
812 544 819 556 .
850 544 856 556 .
885 544 891 557 .
940 500 1001 565 ΧΠ,
1020 505 1053 552 80

48 570 102 635 ¹Nc
122 569 200 638 legat
218 571 291 624 hunc
311 570 423 637 Chione,
440 572 544 625 mando
563 571 625 635 tibi,
643 572 724 640 Rufe,
743 571 889 627 libellum.
953 571 1000 637 III,
1020 576 1061 622 97.

57 641 102 694 Ne
120 641 228 709 legeres
246 643 356 710 partem
373 641 480 709 lascivi,
500 645 585 710 casta,
605 641 714 698 libelli.
743 686 749 698 .
779 685 785 698 .
814 687 820 699 .
849 687 855 698 .
884 686 891 700 .
953 641 1001 708 III,
1021 646 1063 693 86.

57 712 102 765 Ne
121 712 194 764 lutet
211 711 385 764 immundum
402 712 507 766 nitidos
526 730 637 767 ceroma
655 713 772 782 capillos
811 757 817 768 .
846 757 852 768 .
882 758 887 769 .
927 713 1000 778 XIV,
1021 717 1062 764 50.

58 783 102 836 Ne
121 782 250 835 mendica
266 782 341 836 ferat
358 783 471 837 barbati
488 784 608 852 prandia
625 784 695 837 nudi
707 826 890 840 ......
927 784 999 848 XIV,
1020 786 1053 834 81
1091 820 1092 824 ,

57 853 101 907 Ne
120 852 203 905 nimis
222 852 357 908 exhausto
375 857 560 909 macresceret
577 854 693 924 inguine
711 854 821 923 gallus.
849 898 855 910 .
885 899 891 908 .
928 853 1001 919 XIII,
1021 857 1062 905 63.

55 925 102 978 Ne
120 923 175 976 tibi
193 924 332 992 pallentes
350 927 482 978 moveant
499 924 616 979 fastidia
634 925 748 982 caules.
777 969 783 981 .
812 971 819 981 .
848 969 854 980 .
883 970 888 980 ,
926 925 1000 990 XIII,
1022 928 1062 975 17.

56 995 102 1048 Ne
121 997 190 1062 toga
207 994 341 1049 barbatos
359 995 448 1049 faciat
465 996 512 1050 vel
529 997 652 1065 paenula
669 995 757 1050 libros
779 1040 785 1052 .
814 1039 820 1052 .
850 1039 856 1053 .
885 1040 891 1050 .
928 995 1000 1060 XIV,
1021 998 1062 1046 84.

57 1066 102 1119 Ne
121 1068 190 1133 toga
207 1065 328 1133 cordylis
349 1069 377 1120 et
394 1067 517 1135 paenula
536 1067 610 1121 desit
628 1067 711 1120 olivis
745 1109 892 1124 .....
946 1065 1020 1131 XHI,
1041 1072 1063 1116 1.

56 1136 103 1190 Ne
122 1136 240 1203 valeam,
259 1136 284 1188 si
301 1153 357 1190 non
375 1137 454 1203 totis,
472 1137 603 1205 Deciana,
623 1137 722 1192 dicbus
744 1180 890 1193 .....
984 1136 1019 1202 II,
1040 1141 1063 1186 5.

57 1207 103 1263 Ne
121 1206 209 1260 violes
228 1209 339 1261 teneras
356 1207 468 1276 periuro
487 1208 571 1262 dente
589 1208 752 1263 columbas.
779 1252 786 1263 .
815 1250 821 1263 .
849 1250 857 1264 .
886 1252 891 1261 .
928 1207 1002 1272 XIII,
1022 1210 1063 1258 66.

58 1276 119 1331 Nec
138 1278 252 1330 doctum
271 1277 340 1331 satis
360 1281 388 1332 et
405 1296 505 1347 parum
523 1283 650 1333 severum
672 1321 890 1334 .......
968 1277 1001 1344 X,
1023 1281 1063 1328 19.

58 1349 120 1402 Nec
139 1348 219 1401 dotes
238 1348 347 1402 similae
366 1349 457 1418 possis
475 1366 622 1404 numerare
639 1366 691 1403 nec
709 1365 775 1402 usus
813 1392 819 1406 .
850 1392 855 1404 .
884 1392 890 1403 .
927 1348 1001 1415 XIII,
1023 1351 1063 1399 10.

57 1419 119 1473 Nec
137 1420 198 1472 fora
216 1421 282 1472 sunt
298 1419 380 1473 nobis
397 1437 449 1474 nec
468 1423 534 1474 sunt
552 1419 714 1474 vadimonia
731 1422 820 1475 nota.
848 1462 854 1476 .
884 1463 890 1475 .
914 1419 987 1485 XIV,
1005 1421 1062 1471 135.

57 1490 124 1544 Nec·
137 1489 239 1542 mullus
257 1506 309 1544 nec
328 1493 357 1543 te
376 1491 507 1559 delectat,
526 1491 648 1558 Baetice,
667 1491 783 1546 turdus.
812 1533 818 1546 .
848 1533 854 1544 .
884 1534 890 1546 .
953 1490 1001 1556 III,
1023 1495 1063 1541 77.

54 1560 119 1623 ,Nec
138 1562 206 1628 toga
223 1577 276 1614 nec
293 1561 371 1614 focus
391 1564 503 1616 estnec
521 1561 605 1615 tritus
625 1561 723 1615 cimice
742 1561 856 1616 lectus.
885 1605 891 1616 .
954 1560 1002 1626 XI,
1022 1564 1064 1612 32.

57 1631 119 1685 Nec
137 1634 221 1684 vocat
239 1631 275 1684 ad
294 1648 392 1686 cenam
409 1633 515 1686 Marius
533 1650 585 1687 nec
602 1650 719 1686 munera
736 1631 826 1685 mittit
849 1674 855 1687 .
885 1676 890 1688 .
968 1631 1002 1698 X,
1023 1635 1063 1683 18.

58 1702 149 1755 Nemo
167 1701 281 1754 habitat
298 1703 387 1771 gratis
406 1703 462 1757 nisi
480 1705 557 1758 diros
578 1705 607 1757 et
625 1704 708 1758 orbus
727 1703 803 1772 apud
820 1705 849 1756 te
885 1747 890 1758 .
955 1702 1002 1769 XI,
1022 1706 1072 1768 83Ἰ

58 1773 150 1826 Nemo
168 1789 243 1826 nova
261 1773 349 1826 caluit
367 1774 408 1827 sic
426 1773 615 1829 inflammatus
635 1774 751 1831 amica.
779 1817 786 1830 .
816 1817 822 1829 .
851 1815 857 1828 .
886 1818 892 1830 .
968 1773 1002 1841 X,
1023 1778 1064 1825 86.

57 1842 186 1912 Nequius
206 1859 223 1896 a
242 1841 311 1897 Caro
329 1843 403 1896 nihil
420 1862 551 1913 unquam,
569 1845 700 1912 Maxime,
719 1845 826 1898 factum
844 1846 888 1898 111
969 1844 1003 1910 X,
1024 1849 1065 1896 77.

57 1913 161 1969 Nescio
181 1913 249 1981 quid
268 1914 303 1967 de
321 1916 350 1968 te
368 1932 424 1968 non
442 1915 526 1982 belle,
545 1916 644 1983 Dento,
664 1915 786 1971 fateris.
816 1958 822 1971 .
850 1958 856 1970 .
886 1959 892 1970 .
930 1916 1002 1981 VIII,
1023 1918 1064 1965 31.

57 1983 162 2039 Nescio
181 1986 240 2038 tam
258 1984 355 2038 multis
375 1984 443 2054 quid
462 1987 577 2054 scribas,
596 1986 707 2052 Fauste,
725 1984 828 2054 puellis
851 2028 857 2040 .
886 2028 892 2041 .
956 1986 1002 2052 XI,
1023 1990 1064 2036 64.

57 2055 166 2122 Nescit,
186 2055 267 2109 crede
285 2054 363 2123 mihi,
383 2057 451 2123 quid
470 2056 527 2110 sint
545 2056 758 2126 epigrammata,
777 2056 893 2110 Flacco.
956 2057 1006 2122 IV,
1022 2060 1064 2106 49.

57 2125 166 2192 Nescit,
186 2125 232 2178 cui
250 2126 360 2180 dederit
377 2126 490 2194 Tyriam
508 2126 651 2196 Crispinus
671 2126 821 2182 abollam.
850 2169 856 2182 .
885 2170 891 2182 .
929 2127 1002 2192 VIII,
1022 2129 1064 2177 48.

57 2196 141 2252 Nihil
158 2195 306 2250 Ammiano
324 2199 437 2266 praeter
455 2197 564 2250 aridam
581 2200 685 2251 restem
709 2241 715 2252 .
744 2240 750 2252 .
779 2241 785 2252 .
815 2239 821 2251 .
851 2240 857 2251 .
886 2241 891 2252 .
956 2197 1003 2263 IV,
1024 2201 1064 2248 70.

57 2267 140 2324 Nihil
158 2269 201 2320 est
219 2266 349 2321 miserius
367 2284 458 2336 neque
476 2268 601 2336 gulosius
621 2268 723 2321 Santra
745 2309 751 2322 .
780 2310 785 2322 .
815 2309 822 2322 .
851 2310 857 2322 .
887 2311 892 2322 .
942 2267 1064 2334 V11,ao.

57 2338 109 2394 Nil
129 2337 207 2391 aliud
225 2338 347 2406 loqueris
366 2355 451 2406 quam
469 2339 578 2393 Thesea
595 2338 820 2406 Pirithoumque.
851 2381 856 2392 .
886 2380 892 2393 .
968 2337 1009 2403 X,
1024 2343 1064 2389 11.

57 2408 110 2464 Nil
128 2411 173 2462 est
190 2408 285 2462 tritius
304 2408 408 2476 Hedyli
426 2408 544 2463 lacernis
568 2451 891 2465 ..........
955 2409 1002 2473 IX,
1022 2412 1064 2459 ol.

57 2480 109 2536 Nil
127 2479 157 2532 in
175 2483 204 2533 11
224 2479 332 2548 scripsi,
351 2479 507 2549 Bithynice.
545 2478 662 2533 Credere
679 2496 736 2533 non
754 2478 821 2532 vis.
850 2521 857 2534 .
887 2522 892 2533 .
942 2479 1002 2545 XII,
1024 2485 1064 2530 78.

57 2551 109 2607 Nil
126 2550 326 2618 intemptatum
345 2549 444 2616 Selius,
463 2550 505 2604 nil
522 2550 627 2618 linquit
644 2550 785 2605 inausum.
815 2593 820 2604 .
850 2593 856 2606 .
886 2592 892 2604 .
968 2550 1002 2616 II,
1024 2554 1065 2600 14.

56 2622 109 2676 Nil
126 2620 258 2675 lascivius
277 2623 321 2675 est
339 2619 503 2675 Charisiano
531 2663 891 2677 ...........
955 2621 1002 2687 VI,
1022 2625 1064 2672 24.

57 2693 109 2748 Nil
126 2691 198 2744 mihi
216 2692 266 2745 das
285 2691 378 2756 vivus;
398 2691 469 2745 dicis
487 2694 553 2761 post
571 2692 631 2746 fata
649 2691 780 2745 daturum
815 2734 821 2747 .
850 2734 856 2746 .
885 2734 892 2747 .
956 2691 1002 2757 XI,
1023 2696 1063 2743 67.

57 2762 108 2818 Nil
125 2761 322 2830 miserabilius,
341 2762 447 2831 Matho,
466 2763 619 2831 paedicone
639 2762 750 2816 Sabello
779 2806 785 2817 .
815 2805 821 2816 .
850 2805 856 2818 .
886 2805 892 2817 .
955 2763 1002 2829 VI,
1022 2768 1063 2814 33.

56 2834 109 2897 Nil
126 2849 191 2899 non,
210 2832 314 2901 Lygde,
332 2833 402 2887 mihi
420 2851 507 2903 negas
526 2834 639 2903 roganti
673 2875 891 2890 .......
942 2833 1002 2900 XII,
1024 2838 1064 2885 71.

57 2903 108 2960 Nil
126 2903 229 2957 recitas
249 2906 278 2957 et
295 2903 347 2971 vis,
366 2905 513 2971 Mamerce,
531 2908 618 2974 pocta
635 2904 749 2960 videri.
778 2948 784 2960 .
814 2947 820 2960 .
850 2947 855 2958 .
885 2946 891 2959 .
968 2905 1003 2969 II,
1023 2909 1065 2957 88.

56 2974 108 3030 Nil
126 2974 181 3028 tibi
198 2973 306 3042 legavit
324 2975 435 3044 Fabius,
455 2976 610 3044 Bithynice,
630 2975 676 3029 cui
693 2979 725 3029 tu
746 3017 893 3031 .....
1015 3017 1020 3040 ,
1059 3015 1064 3026 .

56 3045 202 3110 Niliacum
219 3044 324 3098 ridebis
344 3046 424 3100 holus
443 3046 579 3114 lanasque
598 3063 750 3114 sequaces.
780 3089 786 3101 .
816 3088 822 3101 .
851 3087 857 3098 .
886 3089 892 3099 .
997 3087 1003 3111 ,
1060 3084 1065 3094 .

33 3116 170 3172 Nobilis
190 3117 219 3169 et
236 3116 309 3169 111111
329 3118 358 3169 11
375 3116 444 3170 felix
461 3118 568 3171 vitibus
588 3118 680 3171 Aulon
709 3159 715 3171 .
745 3159 751 3171 .
779 3159 786 3172 .
814 3159 822 3172 .
850 3157 857 3170 .
887 3159 892 3169 .
983 3157 989 3182 ,
1060 3155 1065 3166 .

56 3186 188 3243 Nobilius
207 3186 310 3240 villosa
327 3189 427 3255 tegant
444 3188 500 3241 tibi
517 3188 608 3241 lintea
625 3187 752 3240 citrum.
781 3229 787 3241 .
816 3228 823 3241 .
851 3229 857 3240 .
887 3229 893 3240 .
983 3228 989 3250 ,
1059 3227 1064 3236 .

57 3258 219 3324 Nolueram,
238 3256 386 3325 Polytime,
404 3261 468 3312 tuos
486 3258 593 3313 violare
612 3257 750 3326 capillos.
779 3299 785 3312 .
815 3298 821 3311 .
850 3299 856 3311 .
886 3297 892 3310 .
997 3299 1002 3322 ,
1058 3296 1065 3308 .

56 3330 168 3382 Nomen
185 3328 391 3397 Athenagorae,
412 3329 531 3397 quaeris,
551 3328 720 3394 Callistrato,
739 3332 852 3380 verum?
885 3369 891 3382 .

56 3399 169 3453 Nomen
186 3416 249 3452 cum
267 3398 351 3453 violis
369 3398 497 3467 rosisque
514 3402 612 3454 natum
637 3440 890 3455 ........
1059 3440 1065 3450 .

56 3471 168 3524 Nomen
186 3470 274 3523 habes
292 3469 383 3524 teneri
401 3470 477 3537 quod
495 3472 622 3538 tempora
639 3471 783 3537 nuncupat
802 3467 892 3523 anni.
997 3510 1003 3534 ,
1059 3509 1065 3520 .

58 3543 168 3594 Nomen
186 3540 273 3594 habet
290 3540 387 3609 magni
405 3540 527 3594 volucris
545 3544 604 3594 tam
623 3555 711 3609 parva
729 3538 871 3607 gigantis?
886 3583 892 3594 .
930 3539 1004 3604 XIII,
1025 3543 1065 3591 78.

58 3612 237 3665 Nomentana
254 3628 348 3664 meum
365 3611 421 3665 tibi
439 3611 489 3664 dat
506 3610 649 3665 vindemia
667 3610 820 3664 Bacchum.
849 3653 855 3665 .
884 3652 891 3665 .
915 3609 992 3672 XIII,
1006 3615 1068 3661 nu.

59 3681 181 3736 Nomina
199 3682 332 3737 candelae
350 3681 432 3736 nobis
452 3681 571 3753 antiqua
589 3681 760 3738 dederunt.
790 3723 797 3737 .
827 3721 835 3735 .
864 3721 871 3733 .
901 3720 908 3732 .
936 3677 1029 3736 ‘ffis
1044 3681 1094 3720 13»
