2408 4132
152 471 217 538 228
478 475 515 530 M.
536 474 614 530 VAL.
633 473 827 529 MARTIALIS

172 674 175 683 ·
195 636 346 702 Delasset
370 659 481 702 omnes
504 637 632 702 fabulas
654 641 839 721 poetarum:

195 724 240 788 Et
263 747 334 790 oum
357 726 454 790 fateri
476 724 574 790 Furia
597 726 728 790 iusserit
751 747 876 807 verum,

195 812 355 878 Prodente
378 816 496 879 elamet
520 813 717 879 conscientia
738 813 906 898 „Seripsi.“

625 944 673 1010 VI

194 1042 332 1127 Felices,
356 1044 472 1127 quibus
496 1067 576 1108 urna
599 1044 687 1108 dedit
710 1047 855 1127 spectare
878 1065 1047 1109 coruscum

240 1131 369 1196 Solibus
392 1132 522 1197 Aretois
548 1133 769 1217 sideribusque
792 1132 912 1196 ducem.

196 1219 330 1295 Quando
350 1221 411 1284 erit
430 1220 486 1284 ille
504 1221 585 1302 dies,
600 1242 663 1305 quo
682 1242 814 1304 campus
833 1223 865 1286 et
884 1221 980 1284 arbor
998 1224 1033 1285 et
1051 1224 1163 1292 omnis

238 1307 373 1373 Lucebit
395 1308 490 1372 Latia
513 1308 602 1373 culta
623 1309 766 1373 fenestra
788 1309 895 1372 nuru?

169 1396 331 1472 5Quando
354 1419 464 1462 morae
487 1397 596 1462 dulces
619 1397 800 1483 longusque
824 1419 843 1460 a
862 1395 998 1462 Caesare
1022 1399 1135 1481 pulvis

238 1485 383 1570 Totaque
406 1483 568 1550 Flaminia
589 1485 694 1550 Roma
716 1485 854 1550 videnda
877 1485 951 1549 via?

195 1572 327 1648 Quando
352 1595 448 1656 eques
472 1578 505 1637 et
527 1575 608 1658 pioti
630 1573 739 1638 tuniea
761 1571 906 1638 Nilotide
929 1573 1036 1638 Mauri

237 1660 346 1744 Ibitis,
370 1666 401 1724 et
423 1663 536 1745 populi
560 1684 622 1726 vox
645 1663 707 1725 erit
730 1684 794 1725 una
816 1659 973 1745 „Venit“?

615 1791 689 1857 VII.

193 1890 420 1974 Nympharum
443 1894 538 1974 pater
560 1891 779 1974 amniumque,
803 1890 929 1976 Rhene,

195 1979 380 2062 Quiounque
404 1978 559 2063 Odrysias
582 1978 698 2042 bibunt
721 1980 867 2063 pruinae,

195 2065 248 2132 Sic
272 2089 398 2150 semper
421 2067 552 2151 liquidis
574 2067 693 2131 fruaris
717 2067 825 2148 undis,

195 2154 263 2219 Nee
287 2159 319 2220 te
342 2156 480 2220 barbara
503 2155 728 2220 eontumeliosi

169 2242 364 2309 eCaleatum
387 2247 460 2308 rota
484 2247 631 2308 conterat
654 2243 801 2329 bubuloi3

195 2330 246 2396 sie
270 2336 303 2396 et
326 2333 475 2397 cornibus
500 2333 606 2397 aureis
629 2333 766 2415 reeeptis

192 2420 238 2485 Et
259 2421 425 2485 Romanus
450 2443 504 2485 eas
527 2425 664 2505 utraque
687 2421 772 2503 ripa:

194 2509 369 2573 Traianum
391 2510 519 2593 populis
544 2510 609 2573 suis
634 2513 667 2572 et
689 2508 774 2591 urbi,

194 2598 334 2681 Thybris
358 2601 390 2661 te
414 2598 562 2662 dominus
585 2599 696 2682 rogat,
719 2596 876 2662 remittas.

606 2728 696 2793 VIII.

192 2824 322 2889 Nubere
345 2825 448 2889 Paula
471 2826 559 2910 eupit
580 2826 688 2909 nobis,
712 2847 772 2910 ego
797 2824 910 2890 ducere
933 2824 1071 2893 Paulam

236 2912 336 2976 Nolo:
359 2934 440 2976 anus
465 2917 523 2977 est.
549 2913 690 2995 Vellem,
714 2915 742 2978 si
764 2914 868 2998 magis
892 2919 978 2981 esset
1001 2938 1093 2983 anus.

172 3141 337 3206 ‘Undenis
359 3142 557 3226 pedibusque
581 3142 779 3226 syllabisque

192 3230 237 3294 Et
260 3230 363 3295 multo
387 3231 455 3294 sale
478 3253 537 3295 neo
560 3235 670 3295 tamen
692 3236 844 3315 protervo

193 3318 300 3383 Notus
324 3319 475 3404 gentibus
498 3319 552 3383 ille
576 3319 738 3384 Martialis
969 3384 971 3389 .

193 3407 239 3470 Et
261 3410 357 3472 notus
380 3408 509 3492 populis
527 3445 571 3454 -
591 3409 668 3491 quid
691 3408 862 3474 invidetis?
884 3445 922 3456 -

168 3495 269 3560 5Non
293 3517 365 3560 sum
388 3496 614 3562 Andraemone
636 3497 746 3561 notior
768 3498 904 3562 caballo.

633 3627 672 3693 X.

194 3724 274 3789 Oum
297 3729 345 3808 tu,
369 3725 539 3811 laurigeris
562 3747 682 3791 annum
705 3726 760 3809 qui
783 3726 926 3791 fascibus
949 3726 1069 3813 intras,

223 3812 326 3880 Mane
350 3816 519 3885 salutator
541 3816 659 3884 limina
679 3815 771 3881 mille
790 3818 897 3897 teras,
