2408 4132
92 474 158 539 232
416 473 453 530 Μ.
473 474 553 529 VAL.
572 472 772 528 MARTIALIS

137 636 187 700 'Iu
210 635 290 700 mihi
314 635 527 719 simplicibus,
550 634 653 719 Mani,
678 634 814 700 dilectus
838 636 879 701 eb
903 635 999 702 annis

180 724 225 788 Et
247 727 451 807 praetextata
474 724 580 789 cultus
605 723 761 806 amicitia,

24 877 26 883 ,
111 813 186 877 tTu
208 812 301 896 facis,
324 813 476 877 interris
500 834 563 896 quo
586 817 653 876 non
676 815 726 875 est
749 811 832 875 alter
854 810 988 877 Hiberis

181 899 315 965 Dulcior
337 904 370 964 et
392 922 470 965 vero
495 901 609 985 dignus
634 921 743 964 amore
766 899 880 984 magis.

137 987 256 1054 Tecum
279 1009 340 1073 ego
363 988 415 1052 vel
439 988 514 1052 sicci
538 987 678 1053 Gaetula
701 987 843 1071 mapalia
864 986 966 1053 Poeni

181 1077 225 1141 Et
248 1081 396 1159 poteram
420 1074 589 1160 Scythicas
612 1075 731 1159 hospes
755 1097 864 1140 amare
887 1097 988 1141 casas.

139 1163 173 1229 Si
196 1164 257 1228 tibi
279 1186 370 1228 mens
393 1164 517 1246 eadem,
540 1165 569 1229 si
590 1163 696 1228 nostri
718 1167 832 1229 mutua
854 1185 932 1228 cura
954 1169 1021 1250 est,

95 1268 127 1316 10
181 1251 221 1316 In
245 1272 433 1337 quocunque
457 1252 528 1317 loco
552 1251 657 1317 Roma
680 1251 803 1316 duobus
827 1253 898 1316 erit.

552 1382 639 1450 XXI.

140 1471 286 1537 Scribere
309 1478 342 1538 te
366 1493 448 1557 quae
470 1473 524 1536 vix
547 1472 718 1557 intellegat
741 1471 811 1555 ipse
834 1470 1002 1536 Modestus

180 1559 227 1624 Et
249 1561 303 1626 vix
326 1560 496 1644 Claranus,
519 1562 594 1644 quid
617 1581 711 1645 rogo,
735 1557 844 1643 Sexte,
867 1559 980 1626 iuvat?

139 1648 214 1714 Non
236 1649 358 1714 lectore
379 1650 444 1713 tuis
468 1670 547 1732 opus
572 1652 634 1729 est,
657 1648 712 1712 sed
736 1647 890 1732 Apolline
912 1648 1022 1713 libris:

176 1736 290 1801 Iudice
312 1740 345 1800 te
368 1737 472 1800 maior
494 1735 598 1801 Cinna
620 1735 753 1801 Marone
775 1735 847 1801 fuit.

112 1822 191 1890 asie
215 1829 272 1888 tua
294 1824 466 1888 laudentur
489 1846 579 1889 sane:
603 1845 675 1889 mea
698 1825 853 1907 carmina,
877 1821 989 1908 Sexte,

183 1911 410 1977 Grammaticis
433 1913 596 1997 placeant,
618 1917 655 1977 ut
678 1912 746 1978 sine
770 1912 1006 1999 grammaticis.

544 2043 648 2110 XXII.

139 2131 203 2198 Gur
227 2133 386 2218 spleniato
410 2155 505 2217 saepe
528 2135 682 2219 prodeam
705 2135 813 2197 mento

139 2221 265 2286 Albave
289 2223 394 2306 pictus
419 2245 497 2286 sana
520 2222 614 2287 labra
636 2242 779 2304 cerussa,

138 2309 299 2393 Philaeni,
323 2311 475 2396 quaeris?
498 2310 624 2375 basiare
647 2313 681 2374 te
703 2309 790 2375 nolo.

536 2440 657 2506 XXIII.

138 2531 209 2596 Iam
231 2534 381 2596 numerat
403 2530 530 2614 placido
553 2529 632 2594 felix
655 2528 818 2594 Antonius
842 2551 920 2594 aevo

183 2620 371 2695 Quindecies
396 2623 484 2684 actas
506 2619 636 2684 Primus
660 2616 870 2703 Olympiadas

139 2708 398 2790 Praeteritosque
422 2707 488 2771 dies
512 2710 546 2771 et
568 2710 656 2772 tutos
679 2706 811 2790 respicit
835 2726 934 2770 annos

183 2795 251 2860 Nec
274 2795 390 2859 metuit
412 2795 531 2859 Lethes
554 2795 620 2861 iam
643 2795 804 2880 propioris
828 2814 936 2877 aquas.

114 2883 239 2947 5Nulla
261 2882 446 2948 recordanti
468 2883 524 2946 lux
547 2888 597 2949 est
618 2883 749 2966 ingrata
772 2882 957 2968 gravisque3

183 2970 285 3035 Nulla
307 2970 382 3053 fuit,
405 2971 494 3035 cuius
517 2993 584 3036 non
606 2971 790 3036 meminisse
813 2971 901 3036 velit.

139 3058 287 3144 Ampliat
311 3058 427 3122 aetatis
451 3060 593 3143 spatium
616 3058 680 3122 sibi
701 3059 751 3122 vir
772 3059 889 3124 bonus:
912 3058 975 3123 hoc
998 3063 1051 3125 est

183 3148 301 3212 Vivere
324 3147 388 3231 bis,
410 3146 479 3212 vita
500 3168 597 3232 posse
619 3146 727 3232 priore
749 3147 822 3213 frui.

139 3367 276 3433 Natales
299 3368 381 3432 mihi
402 3367 539 3433 Martiae
560 3367 739 3450 Kalendae,

139 3457 210 3521 Lux
232 3457 405 3522 formosior
429 3457 576 3522 omnibus
599 3456 769 3541 Kalendis,

141 3546 212 3622 Qua
234 3547 369 3610 mittunt
391 3545 472 3610 mihi
495 3567 610 3610 munus
634 3550 667 3610 et
688 3544 829 3628 puellae,

140 3633 414 3719 Quinquagesima
436 3634 503 3699 liba
526 3633 761 3718 septimamque

111 3721 268 3787 eVestris
292 3721 441 3787 addimus
463 3722 548 3788 hanc
570 3723 652 3789 focis

122 3809 191 3874 His
216 3833 288 3899 ros,
313 3802 344 3878 si
368 3815 484 3880 tamen
506 3811 624 3902 expedi
