2408 4132
373 337 667 393 EPIGRAMMA'I'ON
683 338 751 395 LIB.
770 339 818 404 lv,
1054 338 1097 404 85

137 502 200 568 Sed
221 504 288 567 iam
311 501 453 567 causaris
476 501 677 585 barbamque
700 523 864 585 annosque
887 502 1042 586 pilosque.

181 591 207 655 Ο
229 613 294 655 nox
317 611 414 672 quam
436 588 537 674 longa
560 609 608 671 es,
631 610 713 672 quae
735 588 816 654 facis
840 612 904 654 nna
926 591 1052 654 senem!

109 678 221 755 souin
242 700 302 742 nos
326 677 473 740 derides?
496 680 574 740 here
598 678 653 760 qui
675 698 767 759 puer,
790 677 902 761 Hylle,
925 677 1029 761 fuisti,

180 767 240 831 Die
261 767 370 856 nobis,
392 765 488 829 hodie
512 786 592 847 qua
590 764 723 829 ratione
747 766 796 829 vir
820 767 875 830 es?

550 894 639 960 VIII

136 987 247 1051 Prima
269 987 449 1050 salutantes
472 989 569 1068 atque
593 984 639 1047 alt
625 987 696 1049 tera
718 985 857 1050 conterit
878 949 974 1068 bora,

180 1076 320 1140 Exercet
342 1077 495 1154 raucost
481 1073 580 1136 tertia
602 1073 793 1156 causidicos,

136 1162 175 1227 In
198 1163 345 1247 quintam
367 1162 475 1225 varios
499 1160 642 1224 extendit
663 1161 770 1225 Roma
791 1161 934 1247 labores,

181 1249 277 1330 Serta
300 1251 391 1334 quies
413 1248 523 1332 lassis,
546 1250 685 1332 septima
707 1249 782 1314 finis
805 1250 881 1333 erit,

109 1338 265 1404 sSufficit
286 1338 322 1401 in
345 1359 465 1402 nonam
487 1337 598 1400 nitidis
622 1340 736 1402 octava
759 1337 944 1421 palaffitris,
1054 1264 1119 1417 Χ
1162 1364 1180 1450 p

179 1421 323 1510 Imperat
345 1428 510 1490 extructos
533 1425 684 1510 frangere
706 1447 794 1489 nona
816 1403 1067 1509 torostwntb-
1080 1405 1160 1488 inlus
1176 1436 1199 1517 'Q

136 1515 227 1580 Hora
249 1514 434 1579 libellorum
458 1513 582 1578 decima
604 1517 668 1597 est,
690 1513 873 1598 Eupheme,
895 1534 1054 1597 meorum,

181 1604 355 1687 Temperat
378 1601 558 1666 ambrosias
582 1623 655 1666 cum
677 1605 736 1667 tua
758 1623 836 1667 cura
858 1603 958 1685 dapes

135 1692 180 1756 Et
202 1694 306 1757 bonus
330 1691 473 1756 aetherio
496 1689 626 1754 laxatur
647 1693 778 1755 nectare
801 1688 920 1755 Caesar

94 1799 127 1847 10
180 1779 375 1864 Ingentique
396 1781 487 1844 tenet
508 1778 625 1862 pocula
647 1800 747 1863 parca
769 1801 875 1844 manu.

137 1869 226 1934 Tunc
250 1868 416 1932 admitte
406 1888 509 1932 rocos·
532 1888 645 1962 gressu
667 1867 793 1930 timet
783 1889 831 1932 1re
853 1867 965 1953 licenti

181 1958 233 2022 Ad
249 1959 361 2049 matut
325 1955 451 2020 uinum
473 1960 550 2019 nost
550 1977 587 2018 ra
536 1935 728 2020 t'Ihalia
749 1950 918 2020 Iovem

138 2176 235 2242 Sotae
257 2106 326 2240 filia
349 2174 469 2256 clinici,
491 2085 644 2257 Labriiia,

136 2265 272 2329 Deserto
296 2263 440 2348 sequeris
463 2259 595 2346 Clytum
618 2263 736 2327 marito

138 2354 183 2418 Et
206 2354 307 2417 donas
331 2356 364 2416 et
386 2373 489 2416 amas:
513 2351 597 2434 ἔχεις
620 2349 762 2427 ἀσώτως.

577 2480 616 2547 X.

139 2573 223 2637 Dum
240 2594 341 2638 novus
361 2575 485 2636 estnec
504 2571 800 2636 adhucrasamihi
823 2550 930 2637 fronte
953 2572 1099 2657 libellus,

182 2661 308 2744 Pagina
330 2660 405 2724 dum
427 2659 521 2742 tangi
542 2680 608 2725 non
630 2660 727 2725 bene
734 2659 820 2725 sicea
841 2660 949 2742 timet,

137 2748 154 2813 I
176 2770 256 2833 puer
280 2752 312 2812 et
336 2769 409 2812 caro
432 2748 539 2831 perfer
562 2747 633 2812 leve
656 2768 773 2814 munus
796 2749 913 2849 amieo,

182 2836 245 2913 Qui
267 2836 385 2902 meruit
407 2857 510 2920 nugas
533 2836 656 2920 primus
679 2837 799 2903 habers
822 2839 921 2904 meas
1076 2875 1120 2936 s

112 2923 253 3008 cOurre,
276 2925 333 2988 sed
355 2924 494 2988 iustruct
494 2946 547 2988 us:
570 2925 741 2991 comitetur
764 2926 885 2992 Punica
907 2926 1028 3007 librum

183 3011 349 3098 Spongea:
373 3009 558 3077 muneribus
582 3015 733 3078 convenit
754 3014 815 3078 illa
837 3017 928 3081 meis.

136 3101 212 3166 Non
234 3106 372 3186 possunt
393 3104 524 3166 nostros
548 3102 683 3186 multae,
705 3102 873 3187 Faustino,
896 3103 1014 3168 liturae

180 3190 361 3255 Emendare
383 3189 487 3254 iocos:
510 3211 574 3254 una
596 3189 694 3255 litura
715 3194 834 3276 potest.

137 3385 224 3474 Dum
246 3410 381 3473 nimium
404 3432 487 3474 vano
510 3321 703 3475 tumXeiactus
722 3411 850 3475 nomine
872 3410 992 3496 gaudes

180 3498 226 3562 Et
249 3497 460 3562 Saturninum
483 3503 515 3563 ta
539 3498 639 3582 pudet
661 3520 744 3581 esse,
767 3501 877 3581 miser,

136 3586 242 3672 Impia
265 3587 438 3651 Parrhasia
462 3587 593 3651 movisti
614 3587 702 3651 bella
725 3586 785 3651 sub
807 3607 900 3670 ursa,

183 3675 299 3751 Qualia
323 3674 378 3760 qui
401 3674 542 3743 Phariae
566 3676 719 3766 coniugis
742 3698 842 3744 arma
859 3674 957 3740 tulit.
