2408 4132
362 457 655 515 uenuasuulnou
673 459 741 514 mn.
760 459 805 515 lx.
1022 463 1085 528 221

497 619 673 687 LXXXVI.

125 727 294 792 Festinata
317 727 367 792 sui
391 732 534 812 gemeret
556 728 642 812 quod
664 726 734 791 fata
756 725 867 793 Severi

172 814 283 898 Silius,
305 814 451 880 Ausonio
476 837 542 880 non
564 816 663 880 semel
686 837 741 880 ore
763 819 893 901 potens,

127 903 208 969 Cum
232 924 330 989 grege
353 903 459 968 Pierio
482 906 625 968 maestus
648 903 844 989 Phoeboque
868 906 1032 988 querebar.

171 992 263 1077 „lpse
287 1013 393 1056 meum
415 991 507 1056 flevi“
530 991 610 1056 dixit
631 991 752 1076 Apollo
776 992 930 1076 „Liuon:“

99 1081 344 1164 aRespexitque
367 1101 458 1144 suam
482 1101 562 1163 quae
586 1081 697 1145 stabat
718 1082 866 1165 proxima
879 1081 982 1146 'fratri

171 1167 341 1252 Calliopen
363 1172 396 1232 et
419 1168 479 1232 alt:
500 1168 569 1250 „Tu
592 1189 717 1253 quoque
740 1170 855 1233 vulnus
878 1169 985 1235 hahes.

123 1257 246 1341 'Aspice
269 1255 443 1338 Tarpeium
464 1255 714 1341 Palatinumque
737 1256 930 1322 Tonantem:
1002 1268 1005 1277 '

170 1346 262 1408 Ausa
283 1343 374 1408 nefas
398 1343 549 1408 Lachesis
573 1345 669 1409 laesit
691 1347 864 1429 utrumque
886 1344 1005 1412 Iovem.

127 1433 271 1498 Numina
293 1454 367 1497 cnm
388 1433 498 1496 videas
522 1432 610 1497 duris
634 1433 773 1498 obnoxia
794 1433 886 1516 fatis,

86 1539 141 1588 ιο4
170 1520 298 1586 Invidia
319 1522 426 1604 possis
449 1542 621 1585 exonerare
645 1521 749 1586 deos.“

490 1661 682 1727 LXXXVII.

129 1766 258 1853 Septem
281 1771 356 1852 post
379 1766 495 1833 calices
519 1768 682 1852 Opimiani

128 1856 235 1921 Denso
259 1878 331 1921 cum
353 1857 476 1921 iaceam
498 1856 616 1922 triente
639 1857 782 1941 blaesus,

128 1944 234 2008 Affers
257 1945 366 2009 nescio
389 1965 469 2027 quas
492 1945 573 2009 mihi
595 1944 735 2010 tabellas

128 2033 174 2097 Et
196 2032 274 2097 dicis
297 2031 413 2116 „Modo
436 2033 575 2097 liberum
599 2055 668 2097 esse
691 2034 771 2098 iussi

102 2120 267 2186 aNastam
285 2120 494 2185 —servulus
517 2124 568 2185 est
590 2120 671 2184 mihi
693 2125 847 2205 paternus
868 2143 923 2185 -ε

129 2208 258 2294 Signa.“
294 2207 373 2273 Cras
396 2208 525 2292 melius,
547 2206 705 2293 Luperco,
727 2209 797 2273 fiet:

128 2297 222 2362 Nunc
245 2297 355 2384 signat
377 2318 467 2361 meus
491 2297 606 2361 anulus
630 2297 793 2382 lagonam.

484 2453 692 2520 LXXXVIII.

129 2562 210 2628 Cum
233 2583 285 2626 me
307 2564 465 2644 captares,
489 2561 641 2625 mittebas
665 2582 799 2625 munera
820 2560 929 2625 nohis:

173 2650 351 2734 Postquam
374 2650 501 2734 cepisti,
526 2649 583 2713 das
607 2648 701 2735 mihi,
719 2648 817 2733 Rufe,
839 2649 931 2713 nihil.

128 2739 176 2805 ut
198 2743 328 2822 captum
351 2743 475 2821 teneas,
498 2740 593 2821 capto
617 2759 742 2821 quoque
765 2759 898 2802 munera
920 2736 1027 2822 mitte,
1155 2821 1157 2826 s

172 2826 222 2891 De
244 2848 341 2892 cavea
363 2826 532 2910 fugiatne
554 2826 638 2890 male
661 2830 773 2910 pastus
797 2848 882 2910 aper.

501 2984 676 3050 LXXXIX.

129 3092 216 3178 Lege
236 3091 334 3156 nimis
357 3091 438 3156 dura
460 3093 628 3157 convivam
653 3092 790 3158 scribere
815 3113 925 3156 versus

174 3179 285 3266 Cogis,
309 3178 420 3245 Stella
455 3180 565 3263 „Licet
588 3181 727 3245 scribere
749 3201 864 3264 nempe
888 3178 1019 3244 malos.“

557 3326 624 3404 ΧΟζ

131 3445 185 3511 Sic
205 3446 240 3510 in
263 3445 408 3530 gramine
431 3444 530 3509 floreo
553 3444 696 3525 reclinis,

130 3534 200 3610 Qua
223 3533 462 3620 gemmantibus
484 3532 561 3598 hinc
583 3536 616 3597 ct
637 3532 712 3597 inde
735 3531 813 3597 riuis

130 3621 236 3687 Curva
259 3621 401 3688 calculus
425 3621 582 3687 excitatur
603 3620 704 3705 unda,
791 3626 793 3631 ’

128 3711 277 3776 Exclusis
299 3710 412 3795 procul
434 3708 584 3779 omnibu!
605 3706 771 3791 aclydis,

103 3798 310 3864 sPertundas
331 3797 470 3887 glaciem
492 3794 861 3887 hlamma-nus:
