2408 4132
247 415 249 419 Ι
337 333 633 392 sciscitaturos
651 337 719 392 ura.
737 337 797 393 vu.
1007 337 1070 403 155
1192 331 1193 334 ‘

108 494 213 579 Seque
238 497 392 560 obserata
413 498 511 562 clusit
534 500 648 564 anxius
672 499 753 564 cella

107 583 249 649 Gulosus
273 584 342 668 ille,
365 590 497 670 postero
521 587 571 651 die
594 587 713 654 vendit
734 593 737 600 ’
785 667 786 670 Ἴ
896 663 914 668 Μ

522 727 611 793 ΧΧΙ.

107 829 196 894 Haec
220 834 271 894 est
293 832 351 896 illa
374 832 455 916 dies,
479 854 560 915 quae
584 833 696 918 magni
717 835 846 899 conscia
867 837 980 918 partus

151 918 318 983 Lucanum
340 921 470 1003 populis
494 924 528 984 et
549 921 624 1004 tibi,
647 922 753 1006 Polla,
776 921 872 987 dedit.

107 1006 193 1070 Heu!
230 1005 317 1071 Nero
341 1008 480 1072 crudelis
502 1009 656 1092 nullaque
678 1009 813 1075 invisior
836 1010 965 1094 umbra,

150 1095 273 1159 Debuit
294 1095 357 1160 hoo
380 1095 490 1160 saltim
513 1119 580 1162 non
601 1098 731 1163 licuisse
753 1098 824 1163 tibi.

513 1236 616 1303 XXII.

105 1340 200 1405 Vatis
223 1340 389 1424 Apollinei
411 1364 530 1428 magno
554 1344 776 1409 memorabilis
800 1349 874 1410 ortu

149 1428 222 1493 Lux
244 1431 342 1495 redit:
365 1431 530 1496 Aonidum
552 1433 661 1516 turba,
683 1432 792 1498 favete
815 1434 924 1500 sacris.

106 1516 196 1581 Haec
218 1521 348 1600 meruit,
375 1542 449 1584 cum
471 1523 504 1584 te
527 1520 638 1604 terris,
660 1519 803 1602 Lucane,
827 1521 980 1607 dedisset,

149 1605 273 1670 Mixtus
297 1605 460 1674 Castaliae
483 1607 595 1673 Baetis
617 1611 655 1673 ut
677 1614 762 1675 esset
785 1632 895 1695 aquae.

503 1748 625 1814 XXIII.

105 1853 249 1936 Phoebe,
272 1854 359 1937 veni,
383 1854 439 1918 sed
463 1859 603 1938 quantus
627 1878 712 1939 eras,
735 1878 809 1921 cum
831 1857 919 1922 bella
939 1857 1069 1921 tonanti

148 1941 223 2025 Ipse
248 1941 340 2006 dares
363 1941 477 2007 Latiae
499 1944 625 2028 plectra
648 1944 788 2008 secunda
811 1946 908 2028 lyrae.

105 2030 191 2106 Quid
212 2033 306 2094 tanta
328 2052 388 2112 pro
412 2030 483 2095 luce
505 2032 640 2114 precer?
676 2032 738 2115 Tu,
760 2032 868 2116 Polla,
891 2034 1045 2098 maritum

149 2115 251 2202 Saepe
275 2117 361 2182 colas
386 2121 476 2183 etse
500 2120 621 2183 sentiat
643 2119 699 2184 illc
723 2120 799 2192 ooli.¹

507 2258 627 2325 XXIV.

104 2362 186 2429 Cum
208 2363 361 2430 Iuvenale
384 2387 457 2430 meo
480 2387 562 2449 quae
585 2386 637 2429 mc
660 2366 863 2430 committere
885 2371 1039 2452 temptas,

148 2451 232 2527 Quid
254 2475 320 2519 non
342 2453 488 2537 audebis,
509 2453 633 2538 perfida
655 2454 781 2539 lingua,
804 2455 916 2538 loqui?

103 2540 149 2605 Te
171 2540 313 2627 fingente
335 2541 595 2626 nefasPyladen
618 2542 739 2607 odisset
762 2542 909 2628 Orestes,

148 2628 273 2694 Thesea
295 2629 436 2695 Pirithoi
459 2631 659 2695 destituisset
683 2653 787 2711 amor,

77 2716 153 2782 oTu
177 2716 302 2782 Siculos
325 2718 443 2783 fratres
467 2723 501 2784 et
523 2719 627 2784 maius
650 2740 769 2784 nomen
791 2719 925 2784 Atridas

147 2804 193 2869 Et
216 2804 323 2870 Ledae
345 2810 476 2892 poteras
501 2807 675 2872 dissociare
699 2828 809 2893 genus.

102 2892 174 2958 Hoc
197 2894 258 2957 tibi
282 2917 342 2979 pro
365 2894 490 2960 meritis
515 2901 548 2960 et
571 2896 692 2960 talibus
715 2897 876 2980 imprecor
900 2897 999 2980 ausis,

146 2980 193 3046 Ut
216 2981 317 3047 facias
341 2982 436 3067 illud,
461 2985 559 3068 quod,
583 2989 676 3068 puto,
698 2985 825 3070 lingua,
847 2984 938 3049 facis.

512 3122 614 3191 XXV.

104 3225 219 3292 Dulcia
242 3250 315 3292 cum
338 3231 468 3294 tantum
491 3230 615 3312 scribas
638 3231 876 3316 epigrammata
899 3252 1026 3318 semper

146 3314 192 3379 Et
215 3321 382 3382 cerussata
404 3318 591 3382 candidiora
614 3324 700 3400 cute,

104 3402 268 3489 Nullaque
291 3407 375 3471 mica
398 3405 476 3470 salis
498 3427 558 3471 nec
581 3407 685 3471 amari
707 3407 796 3472 fellis
819 3406 854 3472 in
876 3408 942 3472 illis

148 3490 250 3557 Gutta
274 3493 329 3576 sit,
353 3516 372 3559 o
397 3493 541 3580 demens,
563 3494 613 3559 vis
636 3497 746 3559 tamen
768 3496 826 3559 illa
848 3496 928 3580 legi!

77 3578 174 3645 oNeo
197 3581 287 3647 cibus
309 3582 379 3666 ipse
401 3583 627 3647 iuvatmorsu
647 3582 816 3648 fraudatus
839 3584 936 3667 aceti,

148 3666 217 3732 Nec
240 3673 335 3755 grata
358 3673 408 3736 est
430 3669 546 3759 facies,
566 3672 621 3738 oui
642 3671 813 3759 gelasinus
832 3672 943 3736 uuest.
