2408 4132
318 365 613 421 EPIGRAMMATON
630 365 697 422 LIB.
716 366 787 423 XIV.
990 363 1053 428 327

383 527 465 594 LIV.
489 527 725 611 Crepitacillum.

96 633 131 699 Si
155 633 227 718 quis
251 635 398 716 plorator
420 635 503 699 eollo
526 635 589 698 tibi
612 635 746 699 vernula
767 633 897 717 pendet,

138 721 229 786 Haeo
252 722 379 806 quatiat
401 727 512 786 tenera
535 723 667 809 garrula
691 723 789 788 sistra
811 743 917 786 manu.

394 902 397 911 ·
415 861 482 928 LV.
504 863 690 948 Flapellum.

95 969 248 1033 Proficies
271 966 353 1032 nihil
375 967 450 1053 hoo,
474 969 587 1034 caedas
611 970 687 1035 lieet
708 965 823 1053 usque,
846 966 989 1054 flagello,

141 1055 175 1121 Si
198 1057 260 1120 tibi
282 1079 443 1140 purpureo
467 1056 505 1122 de
529 1078 628 1143 grege
652 1059 752 1124 currit
774 1078 883 1142 equus.

385 1197 469 1262 LVI.
492 1197 724 1277 Dentifricium.

96 1303 179 1379 Quid
202 1325 326 1369 meeum
349 1304 504 1369 esttibi?
540 1303 592 1369 Me
615 1305 723 1390 puella
746 1307 866 1370 sumat:

95 1392 235 1476 Emptos
257 1415 322 1457 non
347 1393 434 1456 soleo
456 1392 561 1478 polire
584 1393 705 1460 dentes.

368 1531 468 1599 LVH.
491 1534 744 1618 Myrobalanum.

95 1639 188 1715 Quod
210 1661 269 1712 neo
291 1638 457 1726 Vergilius
479 1660 538 1706 neo
561 1641 702 1706 carmine
726 1639 804 1704 dicit
825 1637 1001 1721 Homerus,

138 1727 210 1793 Hoe
234 1751 273 1792 ex
294 1733 459 1814 unguento
483 1733 612 1795 constat
635 1734 728 1794 etex
751 1723 878 1793 balano.

439 1870 674 1953 Aphronitrum.

96 1975 248 2042 Rusticus
272 1975 328 2040 es?
350 1976 467 2060 nescis,
491 1976 568 2060 quid
591 1974 714 2041 Graeco
737 1975 866 2040 nomine
890 1975 990 2040 dicar:

141 2061 262 2147 Spuma
285 2084 382 2128 vooor
404 2064 491 2128 nitri.
529 2063 670 2128 Graecus
694 2065 749 2128 es?
773 2064 1006 2148 aphronitrum.

396 2198 479 2268 LIX.
504 2203 717 2286 Opobalsama.

98 2311 249 2375 Balsama
271 2332 322 2374 me
346 2310 491 2394 capiunt,
513 2309 594 2374 haee
616 2311 879 2393 sunt'unguenta
901 2308 1057 2374 virorum:

140 2398 280 2464 Delieias
304 2396 414 2464 Cosmi
436 2419 494 2463 vos
516 2396 670 2479 redolete,
692 2419 802 2462 nurus.

461 2539 652 2603 Lomentum.

97 2636 234 2702 Gratum
257 2657 373 2701 munus
397 2635 460 2701 erit
482 2636 581 2700 scisso
603 2657 663 2700 neo
685 2634 802 2701 inutile
825 2635 944 2718 ventri,

142 2725 176 2790 Si
199 2726 287 2791 clara
311 2722 468 2808 Stephani
491 2724 608 2789 balnea
630 2724 702 2788 luoe
724 2728 823 2807 petes.

352 2864 434 2930 LXI.
457 2865 620 2930 Lanterna
640 2884 758 2930 ennea.

99 2964 171 3029 Dux
193 2965 342 3052 lanterna
363 2963 435 3029 viae
459 2962 558 3028 elusis
579 2961 667 3027 feror
690 2983 786 3026 aurea
807 2961 960 3047 flammis,

140 3053 185 3117 Et
207 3056 280 3117 tuta
303 3054 352 3116 est
375 3053 498 3136 gremio
520 3073 622 3136 parva
644 3051 775 3114 lucerna
797 3072 878 3115 meo.

382 3193 542 3258 Lauterna
564 3192 600 3257 ele
621 3191 727 3256 uesieu.

97 3290 222 3356 Cornea
245 3290 361 3355 sinon
385 3312 469 3371 sum,
491 3289 647 3373 numquid
671 3309 743 3353 sum
764 3287 907 3352 fuscior?
932 3291 988 3353 aut
1006 3310 1057 3354 me

139 3378 304 3462 Vesioam,
327 3381 439 3443 eontra
463 3377 517 3462 qui
541 3377 642 3462 venit,
666 3397 735 3441 esse
756 3377 874 3460 putat?

286 3519 401 3585 LXIII.
426 3512 552 3606 (LXIV.
576 3515 686 3604 Sohn.)
711 3517 824 3582 rutae.

95 3616 199 3683 Ebria
220 3639 280 3682 nos
304 3616 441 3681 madidis
464 3616 586 3703 rumpit
607 3615 746 3681 tibicina
764 3615 896 3679 hassis,

136 3703 241 3791 Saepe
264 3705 343 3771 duas
366 3706 509 3793 pariter,
532 3729 635 3794 saepe
657 3705 853 3771 monaulon
863 3699 993 3762 passu.
