2408 4132
21 35 821 248 ΕΖΨὛ,
854 35 886 40 ’

324 497 617 553 EPIGRAMMATON
635 497 702 554 ΗΒ.
721 498 794 553 XIII.
994 497 1058 563 311

342 659 460 724 XXXI.
484 658 599 726 Caseus
621 660 771 726 Vestinus.

97 757 133 823 si
157 758 227 822 sine
250 776 347 822 carne
369 758 459 822 voles
483 758 646 821 ientacula
669 779 794 822 sumere
817 756 918 842 frugi,

141 844 231 910 Haeo
254 845 316 911 libi
337 844 473 910 Vestino
498 845 536 910 de
559 866 658 933 grege
680 867 790 911 massa
810 848 908 912 veuit.

334 985 469 1051 XXXII.
493 985 607 1052 Caseus
627 987 777 1068 succesus.

99 1082 173 1148 Non
195 1104 414 1169 quemcunque
436 1082 545 1149 focum
567 1106 627 1148 neo
643 1083 768 1149 fumum
786 1104 897 1150 caseus
916 1104 1058 1168 omnem,

144 1170 205 1237 Sed
226 1170 457 1237 Velabrensem
481 1173 536 1255 qui
559 1172 655 1256 bibit,
678 1173 735 1237 illo
758 1172 854 1257 sapil.

324 1311 478 1376 XXXIII.
500 1309 590 1379 Casei
613 1314 788 1379 Trebulani.

98 1409 240 1475 Trebula
261 1432 321 1475 nos
345 1411 470 1495 genuit3
493 1411 698 1475 commendat
720 1411 826 1496 gralia
848 1409 979 1493 duplex,

144 1496 218 1562 Sive
239 1499 304 1564 levi
325 1498 469 1582 flamma,
493 1499 560 1563 sive
583 1500 753 1564 domamur
776 1521 866 1583 aqua.

416 1637 567 1704 XXXIV.
588 1638 694 1707 BaVn‘.

97 1734 180 1801 Oum
204 1736 248 1800 sit
270 1757 349 1801 anus
368 1735 506 1801 coniunx
529 1740 563 1800 el
585 1737 651 1801 sini
672 1737 734 1802 tibi
753 1740 882 1801 mortua
900 1734 1058 1818 membra,

142 1822 199 1888 Nil
223 1824 310 1889 aliud
331 1824 441 1889 bulbis
465 1847 562 1909 quam
585 1830 675 1896 satur
698 1847 769 1891 esse
791 1830 895 1910 poles.

386 1964 518 2031 XXXV.
541 1967 724 2033 heminae.

96 2071 182 2135 Filia
202 2070 339 2137 Picenae
362 2071 455 2136 venio
479 2070 640 2138 Lucanica
661 2094 792 2157 porcae:

141 2159 291 2225 Pultibus
313 2159 389 2224 hino
411 2159 513 2224 niveis
536 2165 631 2244 grata
654 2182 774 2226 corona
796 2160 899 2225 datur.

315 2297 464 2364 XXXVI.
487 2297 613 2366 ocella
635 2301 796 2366 olioauem.

96 2405 198 2486 Haec,
221 2422 303 2490 quae
325 2405 452 2470 Picenis
475 2405 564 2471 venit
587 2406 744 2471 subducta
766 2407 916 2491 trapelis,

140 2495 276 2560 Inchoat
298 2497 394 2579 atquc
418 2494 529 2559 eadem
551 2495 625 2559 finil
647 2494 734 2560 oliva
756 2495 865 2579 dapes.

350 2633 517 2702 XXXVII.
540 2636 634 2701 Malu
656 2637 758 2701 citrea.

96 2741 165 2806 Aut
188 2740 358 2826 Corcyraei
381 2744 457 2806 sunt
478 2743 559 2807 haec
582 2741 620 2806 de
642 2742 809 2808 frondibus
831 2738 933 2822 horti,

140 2829 208 2895 Aul
228 2830 308 2896 haec
331 2829 466 2913 Massyli
488 2851 587 2914 poma
609 2829 757 2896 draconis
781 2833 882 2895 erana
945 2829 947 2834 ’

363 2969 547 3044 XXXVIII.
570 2970 752 3038 Occisum

95 3074 261 3160 Surripuit
282 3080 395 3160 pastor
417 3099 499 3162 quae
521 3078 665 3143 nondum
687 3078 851 3143 stantibus
872 3079 983 3144 haedis

139 3163 188 3228 De
211 3165 317 3249 primo
339 3168 481 3231 malrum
503 3166 589 3232 lacte
612 3166 751 3231 colustra
776 3166 898 3231 damus.

397 3306 548 3372 XXXIX.
570 3307 708 3373 Haedus.

94 3411 265 3477 Lascivum
288 3433 385 3496 pecus
409 3415 442 3476 el
464 3412 561 3479 viridi
583 3434 650 3478 non
672 3413 753 3477 utile
776 3411 903 3478 Baccho

139 3500 927 3584 &mmmmmfflm‘

471 3641 539 3707 XL.
563 3640 636 3706 Ocu.

93 3744 239 3812 Candida
261 3746 291 3812 si
313 3768 442 3813 croceos
465 3747 660 3814 circumfluit
681 3748 769 3813 unda
790 3748 943 3828 vilellos,

137 3834 315 3919 Hesperius
338 3835 480 3904 scombri
502 3839 671 3925 sempera
693 3858 763 3905 oua
776 3834 913 3920 uanos.
