2408 4132
92 407 155 472 136
417 405 455 462 M.
474 405 553 460 VAL.
572 405 772 460 MARTIALIS

523 637 670 702 XXXIX.

135 743 233 808 Pater
256 764 294 806 ex
316 741 469 821 Marulla,
493 741 609 826 Cinna,
632 742 737 807 factus
762 764 795 806 es
820 745 945 826 septem

134 830 211 896 Non
232 832 424 895 liberorum:
447 852 587 914 namque
609 853 668 895 nec
691 835 766 895 tuus
791 831 963 915 quisquam

134 919 203 984 Nec
227 924 277 984 est
300 919 394 983 amici
417 918 542 983 filiusve
565 919 675 1002 vicini,

135 1006 197 1072 Sed
219 1008 254 1071 in
277 1006 422 1091 grabatis
445 1007 671 1092 tegetibusque
696 1008 843 1090 concepti

109 1096 282 1161 oMaterna
304 1095 447 1179 produnt
470 1096 629 1178 capitibus
654 1097 720 1160 suis
744 1099 840 1165 furta.

135 1185 210 1268 Hic,
234 1184 289 1267 qui
311 1186 434 1247 retorto
459 1184 545 1247 crine
568 1183 699 1248 Maurus
722 1184 854 1268 incedit,

136 1272 289 1337 Subolem
311 1271 434 1335 fatetur
457 1293 528 1335 esse
551 1293 585 1336 se
608 1273 676 1337 coci
699 1272 842 1337 Santrae.

136 1363 182 1426 At
203 1361 260 1424 ille
283 1360 365 1424 sima
387 1381 478 1443 nare,
500 1359 641 1445 turgidis
663 1361 765 1425 labris

135 1449 211 1534 Ipsa
234 1454 284 1513 est
306 1449 415 1532 imago
439 1447 606 1532 Pannychi
629 1450 848 1534 palaestritae.

94 1555 126 1602 ro
137 1538 273 1601 Pistoris
297 1557 368 1600 esse
390 1537 524 1600 tertium
547 1538 618 1620 quis
642 1538 784 1623 ignorat,

136 1624 322 1709 Quicunque
345 1625 469 1709 lippum
492 1628 585 1688 novit
608 1630 640 1689 et
665 1626 753 1690 videt
774 1625 936 1690 Damam?

136 1712 276 1787 Quartus
300 1713 432 1776 cinaeda
454 1711 575 1794 fronte,
599 1713 734 1778 candido
758 1715 849 1779 vultu

135 1800 186 1864 Ex
209 1801 386 1865 concubino
409 1804 504 1864 natus
528 1803 661 1866 esttibi
683 1803 810 1889 Lygdo:

135 1888 279 1973 Percide,
303 1888 331 1952 si
353 1888 415 1971 vis,
438 1889 555 1952 filium:
577 1891 669 1954 nefas
691 1913 758 1956 non
782 1895 840 1955 est.
884 1888 886 1892 ’

93 1994 125 2042 15
135 1977 231 2042 Hunc
253 1998 328 2040 vero
353 1984 446 2041 acuto
470 1977 574 2060 capite
598 1983 630 2042 et
654 1980 784 2043 auribus
806 1979 928 2064 longis,

136 2065 224 2140 Quae
248 2065 294 2130 sic
317 2069 498 2149 moventur,
521 2071 558 2130 ut
581 2069 686 2132 solent
710 2068 898 2150 asellorum,

136 2154 214 2229 Quis
238 2154 392 2218 morionis
415 2154 519 2218 filium
542 2159 642 2240 negat
666 2153 804 2238 Cyrtae?

135 2243 227 2307 Duae
250 2264 390 2326 sorores,
412 2243 471 2307 illa
493 2244 589 2328 nigra
612 2248 645 2308 et
667 2245 746 2308 haec
768 2244 854 2327 rufa,

136 2331 227 2396 Croti
249 2331 420 2396 choraulae
442 2331 594 2416 vilicique
618 2338 693 2397 aunt
717 2331 823 2415 Carpi.

91 2420 268 2505 colamque
291 2419 504 2502 hybridarum
528 2441 606 2505 grex
628 2421 691 2484 tibi
713 2421 798 2485 foret
820 2421 947 2506 plenus,

137 2507 170 2573 si
194 2508 293 2593 spado
318 2507 455 2572 Coresus
478 2508 721 2594 Dindymusque
744 2531 811 2574 non
834 2514 928 2574 essct.

564 2666 630 2732 XL.

135 2772 268 2836 Femina
290 2771 444 2855 praeferri
467 2775 575 2856 potuit
599 2775 658 2838 tibi
680 2775 784 2858 nulla,
808 2773 937 2858 Lycori:

180 2859 340 2924 Praeferri
363 2858 520 2942 Glycerae
542 2860 663 2926 femina
685 2864 776 2928 nulla
798 2867 916 2948 potest.

55 2950 62 3002 ἓ
136 2948 224 3012 Haec
239 2949 301 3011 erit
314 2948 377 3011 hoc
388 2949 472 3030 quod
486 2951 536 3011 tu:
550 2953 587 3012 tu
596 2971 661 3014 non
670 2957 763 3034 potes
774 2975 844 3017 esse
855 2954 940 3036 quod
949 2953 1030 3020 haec
1041 2961 1099 3021 est.

180 3036 342 3119 Tempora
365 3035 441 3119 quid
463 3035 599 3100 faciunt!
622 3037 705 3104 hano
728 3041 817 3124 volo,
839 3047 871 3105 te
894 3043 991 3116 volui.

553 3195 636 3262 XLI.

136 3299 197 3376 Qui
220 3301 334 3364 recitat
356 3301 431 3364 lana
453 3300 563 3366 fauces
587 3307 620 3366 et
643 3305 726 3368 colla
749 3305 925 3391 revinctus,

179 3387 242 3454 Hic
265 3410 299 3453 se
322 3410 417 3472 posse
441 3390 543 3475 loqui,
566 3413 660 3475 posse
684 3398 793 3458 tacere
817 3401 923 3479 negat

547 3549 647 3615 XLII.

135 3655 265 3721 Etrusci
288 3655 350 3719 nisi
373 3655 545 3721 thermulis
569 3658 703 3742 lavaris,

129 3744 251 3810 Jllotus
273 3744 437 3831 morieris,
461 3744 615 3832 Oppiane.
