<?xml version="1.0" encoding="UTF-8"?>
<!DOCTYPE html PUBLIC "-//W3C//DTD XHTML 1.0 Transitional//EN"
    "http://www.w3.org/TR/xhtml1/DTD/xhtml1-transitional.dtd">
<html xmlns="http://www.w3.org/1999/xhtml" xml:lang="en" lang="en">
 <head>
  <title>
</title>
<meta http-equiv="Content-Type" content="text/html;charset=utf-8" />
  <meta name='ocr-system' content='tesseract 3.04.00' />
  <meta name='ocr-capabilities' content='ocr_page ocr_carea ocr_par ocr_line ocrx_word'/>
</head>
<body>
  <div class='ocr_page' id='page_1' title='image "./mvaleriimartial00gilbgoog/mvaleriimartial00gilbgoog_0265.png"; bbox 0 0 2408 4132; ppageno 0'>
   <div class='ocr_carea' id='block_1_1' title="bbox 97 466 776 535">
    <p class='ocr_par' dir='ltr' id='par_1_1' title="bbox 97 466 776 535">
     <span class='ocr_line' id='line_1_1' title="bbox 97 466 776 535; baseline -0.018 0"><span class='ocrx_word' id='word_1_1' title='bbox 97 470 161 535; x_wconf 80' lang='lat'><strong>218</strong></span> <span class='ocrx_word' id='word_1_2' title='bbox 422 469 459 526; x_wconf 83' lang='lat' dir='ltr'><strong>M.</strong></span> <span class='ocrx_word' id='word_1_3' title='bbox 479 468 558 523; x_wconf 85' lang='lat' dir='ltr'>VAL.</span> <span class='ocrx_word' id='word_1_4' title='bbox 577 466 776 523; x_wconf 80' lang='lat' dir='ltr'><strong>MARTIALIS</strong></span> 
     </span>
    </p>
   </div>
   <div class='ocr_carea' id='block_1_2' title="bbox 534 631 663 696">
    <p class='ocr_par' dir='ltr' id='par_1_2' title="bbox 534 631 663 696">
     <span class='ocr_line' id='line_1_2' title="bbox 534 631 663 696; baseline 0.008 -1"><span class='ocrx_word' id='word_1_5' title='bbox 534 631 663 696; x_wconf 88' lang='lat' dir='ltr'>LXXII.</span> 
     </span>
    </p>
   </div>
   <div class='ocr_carea' id='block_1_3' title="bbox 116 737 999 1263">
    <p class='ocr_par' dir='ltr' id='par_1_3' title="bbox 140 737 906 821">
     <span class='ocr_line' id='line_1_3' title="bbox 140 737 906 821; baseline -0.003 -18"><span class='ocrx_word' id='word_1_6' title='bbox 140 738 250 821; x_wconf 89' lang='lat' dir='ltr'><strong>Liber,</strong></span> <span class='ocrx_word' id='word_1_7' title='bbox 271 737 449 821; x_wconf 80' lang='lat' dir='ltr'><strong>Amyclaea</strong></span> <span class='ocrx_word' id='word_1_8' title='bbox 470 738 609 803; x_wconf 85' lang='lat' dir='ltr'><strong>frontem</strong></span> <span class='ocrx_word' id='word_1_9' title='bbox 634 737 751 802; x_wconf 85' lang='lat' dir='ltr'><strong>vittate</strong></span> <span class='ocrx_word' id='word_1_10' title='bbox 774 759 906 820; x_wconf 88' lang='lat' dir='ltr'><strong>corona,</strong></span> 
     </span>
    </p>

    <p class='ocr_par' dir='ltr' id='par_1_4' title="bbox 140 825 999 1087">
     <span class='ocr_line' id='line_1_4' title="bbox 184 825 955 910; baseline -0.003 -20"><span class='ocrx_word' id='word_1_11' title='bbox 184 825 246 902; x_wconf 82' lang='lat' dir='ltr'><strong>Qui</strong></span> <span class='ocrx_word' id='word_1_12' title='bbox 269 828 376 910; x_wconf 90' lang='lat' dir='ltr'><strong>quatis</strong></span> <span class='ocrx_word' id='word_1_13' title='bbox 398 826 545 891; x_wconf 87' lang='lat' dir='ltr'><strong>Ausonia</strong></span> <span class='ocrx_word' id='word_1_14' title='bbox 567 826 702 891; x_wconf 85' lang='lat' dir='ltr'><strong>verbera</strong></span> <span class='ocrx_word' id='word_1_15' title='bbox 725 825 822 890; x_wconf 81' lang='lat' dir='ltr'><strong>Graia</strong></span> <span class='ocrx_word' id='word_1_16' title='bbox 845 846 955 908; x_wconf 90' lang='lat' dir='ltr'><strong>manu,</strong></span> 
     </span>
     <span class='ocr_line' id='line_1_5' title="bbox 140 913 999 998; baseline -0.005 -17"><span class='ocrx_word' id='word_1_17' title='bbox 140 913 238 981; x_wconf 86' lang='lat' dir='ltr'><strong>Clusa</strong></span> <span class='ocrx_word' id='word_1_18' title='bbox 260 915 342 978; x_wconf 90' lang='lat' dir='ltr'><strong>mihi</strong></span> <span class='ocrx_word' id='word_1_19' title='bbox 364 918 454 978; x_wconf 86' lang='lat' dir='ltr'><strong>texto</strong></span> <span class='ocrx_word' id='word_1_20' title='bbox 477 936 550 979; x_wconf 92' lang='lat' dir='ltr'><strong>cum</strong></span> <span class='ocrx_word' id='word_1_21' title='bbox 573 914 709 998; x_wconf 88' lang='lat' dir='ltr'><strong>prandia</strong></span> <span class='ocrx_word' id='word_1_22' title='bbox 730 913 849 978; x_wconf 87' lang='lat' dir='ltr'><strong>vimine</strong></span> <span class='ocrx_word' id='word_1_23' title='bbox 872 914 999 996; x_wconf 78' lang='lat' dir='ltr'><strong>mittas,</strong></span> 
     </span>
     <span class='ocr_line' id='line_1_6' title="bbox 185 1001 936 1087; baseline 0 -20"><span class='ocrx_word' id='word_1_24' title='bbox 185 1001 251 1067; x_wconf 80' lang='lat' dir='ltr'><strong>Cur</strong></span> <span class='ocrx_word' id='word_1_25' title='bbox 273 1003 429 1067; x_wconf 88' lang='lat' dir='ltr'><strong>comitata</strong></span> <span class='ocrx_word' id='word_1_26' title='bbox 451 1003 549 1086; x_wconf 90' lang='lat' dir='ltr'><strong>dapes</strong></span> <span class='ocrx_word' id='word_1_27' title='bbox 572 1002 662 1066; x_wconf 89' lang='lat' dir='ltr'><strong>nulla</strong></span> <span class='ocrx_word' id='word_1_28' title='bbox 685 1003 804 1087; x_wconf 83' lang='lat' dir='ltr'><strong>lagona</strong></span> <span class='ocrx_word' id='word_1_29' title='bbox 825 1001 936 1067; x_wconf 78' lang='lat' dir='ltr'><strong>venit?</strong></span> 
     </span>
    </p>

    <p class='ocr_par' dir='ltr' id='par_1_5' title="bbox 116 1090 994 1263">
     <span class='ocr_line' id='line_1_7' title="bbox 116 1090 942 1176; baseline -0.002 -20"><span class='ocrx_word' id='word_1_30' title='bbox 116 1091 243 1176; x_wconf 82' lang='lat' dir='ltr'><strong>5Atqui</strong></span> <span class='ocrx_word' id='word_1_31' title='bbox 267 1090 366 1176; x_wconf 86' lang='lat' dir='ltr'><strong>digna</strong></span> <span class='ocrx_word' id='word_1_32' title='bbox 387 1094 445 1155; x_wconf 95' lang='lat' dir='ltr'><strong>tuo</strong></span> <span class='ocrx_word' id='word_1_33' title='bbox 469 1091 497 1154; x_wconf 86' lang='lat' dir='ltr'><strong>si</strong></span> <span class='ocrx_word' id='word_1_34' title='bbox 519 1090 648 1155; x_wconf 90' lang='lat' dir='ltr'><strong>nomine</strong></span> <span class='ocrx_word' id='word_1_35' title='bbox 671 1112 805 1155; x_wconf 91' lang='lat' dir='ltr'><strong>munera</strong></span> <span class='ocrx_word' id='word_1_36' title='bbox 825 1090 942 1167; x_wconf 83' lang='lat' dir='ltr'><strong>ferres,</strong></span> 
     </span>
     <span class='ocr_line' id='line_1_8' title="bbox 185 1177 994 1263; baseline -0.001 -20"><span class='ocrx_word' id='word_1_37' title='bbox 185 1178 268 1263; x_wconf 83' lang='lat' dir='ltr'><strong>Scis,</strong></span> <span class='ocrx_word' id='word_1_38' title='bbox 291 1183 385 1263; x_wconf 90' lang='lat' dir='ltr'><strong>puto,</strong></span> <span class='ocrx_word' id='word_1_39' title='bbox 409 1178 577 1243; x_wconf 75' lang='lat' dir='ltr'><strong>debuerint</strong></span> <span class='ocrx_word' id='word_1_40' title='bbox 599 1199 681 1262; x_wconf 91' lang='lat' dir='ltr'><strong>quae</strong></span> <span class='ocrx_word' id='word_1_41' title='bbox 704 1178 784 1242; x_wconf 91' lang='lat' dir='ltr'><strong>mihi</strong></span> <span class='ocrx_word' id='word_1_42' title='bbox 808 1177 892 1243; x_wconf 92' lang='lat' dir='ltr'><strong>dona</strong></span> <span class='ocrx_word' id='word_1_43' title='bbox 914 1177 994 1242; x_wconf 88' lang='lat' dir='ltr'><strong>dari.</strong></span> 
     </span>
    </p>
   </div>
   <div class='ocr_carea' id='block_1_4' title="bbox 524 1317 671 1383">
    <p class='ocr_par' dir='ltr' id='par_1_6' title="bbox 524 1317 671 1383">
     <span class='ocr_line' id='line_1_9' title="bbox 524 1317 671 1383; baseline -0.007 0"><span class='ocrx_word' id='word_1_44' title='bbox 524 1317 671 1383; x_wconf 88' lang='lat' dir='ltr'>LXXIII.</span> 
     </span>
    </p>
   </div>
   <div class='ocr_carea' id='block_1_5' title="bbox 116 1423 1002 2040">
    <p class='ocr_par' dir='ltr' id='par_1_7' title="bbox 116 1423 1002 2040">
     <span class='ocr_line' id='line_1_10' title="bbox 140 1423 935 1509; baseline -0.003 -20"><span class='ocrx_word' id='word_1_45' title='bbox 140 1424 301 1490; x_wconf 80' lang='lat' dir='ltr'><strong>Dentibus</strong></span> <span class='ocrx_word' id='word_1_46' title='bbox 325 1424 475 1509; x_wconf 88' lang='lat' dir='ltr'><strong>antiquas</strong></span> <span class='ocrx_word' id='word_1_47' title='bbox 499 1425 614 1490; x_wconf 90' lang='lat' dir='ltr'><strong>solitus</strong></span> <span class='ocrx_word' id='word_1_48' title='bbox 636 1423 812 1509; x_wconf 88' lang='lat' dir='ltr'><strong>producere</strong></span> <span class='ocrx_word' id='word_1_49' title='bbox 833 1423 935 1508; x_wconf 88' lang='lat' dir='ltr'><strong>pelles</strong></span> 
     </span>
     <span class='ocr_line' id='line_1_11' title="bbox 184 1512 929 1598; baseline 0 -22"><span class='ocrx_word' id='word_1_50' title='bbox 184 1512 230 1576; x_wconf 82' lang='lat' dir='ltr'><strong>Et</strong></span> <span class='ocrx_word' id='word_1_51' title='bbox 252 1514 398 1578; x_wconf 88' lang='lat' dir='ltr'><strong>mordere</strong></span> <span class='ocrx_word' id='word_1_52' title='bbox 421 1514 491 1578; x_wconf 89' lang='lat' dir='ltr'><strong>luto</strong></span> <span class='ocrx_word' id='word_1_53' title='bbox 514 1518 608 1598; x_wconf 87' lang='lat' dir='ltr'><strong>putre</strong></span> <span class='ocrx_word' id='word_1_54' title='bbox 632 1516 787 1598; x_wconf 86' lang='lat' dir='ltr'><strong>vetusque</strong></span> <span class='ocrx_word' id='word_1_55' title='bbox 811 1513 929 1596; x_wconf 89' lang='lat' dir='ltr'><strong>solum,</strong></span> 
     </span>
     <span class='ocr_line' id='line_1_12' title="bbox 140 1600 891 1685; baseline -0.001 -20"><span class='ocrx_word' id='word_1_56' title='bbox 140 1600 352 1666; x_wconf 87' lang='lat' dir='ltr'><strong>Praenestina</strong></span> <span class='ocrx_word' id='word_1_57' title='bbox 374 1605 465 1665; x_wconf 86' lang='lat' dir='ltr'><strong>tenes</strong></span> <span class='ocrx_word' id='word_1_58' title='bbox 489 1601 632 1666; x_wconf 77' lang='lat' dir='ltr'>defuncti</span> <span class='ocrx_word' id='word_1_59' title='bbox 650 1624 726 1665; x_wconf 90' lang='lat' dir='ltr'><strong>rura</strong></span> <span class='ocrx_word' id='word_1_60' title='bbox 748 1601 891 1685; x_wconf 90' lang='lat' dir='ltr'><strong>patroni,</strong></span> 
     </span>
     <span class='ocr_line' id='line_1_13' title="bbox 186 1688 877 1775; baseline 0 -22"><span class='ocrx_word' id='word_1_61' title='bbox 186 1688 226 1753; x_wconf 88' lang='lat' dir='ltr'><strong>ln</strong></span> <span class='ocrx_word' id='word_1_62' title='bbox 248 1689 365 1772; x_wconf 89' lang='lat' dir='ltr'><strong>quibus</strong></span> <span class='ocrx_word' id='word_1_63' title='bbox 388 1688 539 1775; x_wconf 83' lang='lat' dir='ltr'><strong>indignor</strong></span> <span class='ocrx_word' id='word_1_64' title='bbox 563 1690 590 1753; x_wconf 89' lang='lat' dir='ltr'><strong>si</strong></span> <span class='ocrx_word' id='word_1_65' title='bbox 613 1689 675 1753; x_wconf 89' lang='lat' dir='ltr'><strong>tibi</strong></span> <span class='ocrx_word' id='word_1_66' title='bbox 697 1689 779 1755; x_wconf 90' lang='lat' dir='ltr'><strong>cella</strong></span> <span class='ocrx_word' id='word_1_67' title='bbox 799 1688 877 1773; x_wconf 82' lang='lat' dir='ltr'><strong>fuit3</strong></span> 
     </span>
     <span class='ocr_line' id='line_1_14' title="bbox 116 1776 1002 1864; baseline 0.001 -23"><span class='ocrx_word' id='word_1_68' title='bbox 116 1776 279 1861; x_wconf 83' lang='lat' dir='ltr'><strong>5Rumpis</strong></span> <span class='ocrx_word' id='word_1_69' title='bbox 303 1782 336 1842; x_wconf 85' lang='lat' dir='ltr'><strong>ct</strong></span> <span class='ocrx_word' id='word_1_70' title='bbox 358 1779 483 1842; x_wconf 89' lang='lat' dir='ltr'><strong>ardenti</strong></span> <span class='ocrx_word' id='word_1_71' title='bbox 506 1777 652 1841; x_wconf 88' lang='lat' dir='ltr'><strong>madidus</strong></span> <span class='ocrx_word' id='word_1_72' title='bbox 675 1778 831 1864; x_wconf 73' lang='lat' dir='ltr'><strong>crystalla</strong></span> <span class='ocrx_word' id='word_1_73' title='bbox 852 1776 1002 1860; x_wconf 82' lang='lat' dir='ltr'><strong>Falerno,</strong></span> 
     </span>
     <span class='ocr_line' id='line_1_15' title="bbox 185 1864 884 1950; baseline 0 -22"><span class='ocrx_word' id='word_1_74' title='bbox 185 1865 231 1929; x_wconf 81' lang='lat' dir='ltr'><strong>Et</strong></span> <span class='ocrx_word' id='word_1_75' title='bbox 253 1865 360 1950; x_wconf 88' lang='lat' dir='ltr'><strong>pruris</strong></span> <span class='ocrx_word' id='word_1_76' title='bbox 384 1865 505 1929; x_wconf 90' lang='lat' dir='ltr'><strong>domini</strong></span> <span class='ocrx_word' id='word_1_77' title='bbox 528 1888 600 1930; x_wconf 90' lang='lat' dir='ltr'><strong>cum</strong></span> <span class='ocrx_word' id='word_1_78' title='bbox 619 1864 803 1950; x_wconf 80' lang='lat' dir='ltr'><strong>Ganymede</strong></span> <span class='ocrx_word' id='word_1_79' title='bbox 826 1866 884 1929; x_wconf 87' lang='lat' dir='ltr'><strong>tui.</strong></span> 
     </span>
     <span class='ocr_line' id='line_1_16' title="bbox 142 1953 903 2040; baseline 0.001 -24"><span class='ocrx_word' id='word_1_80' title='bbox 142 1954 188 2016; x_wconf 89' lang='lat' dir='ltr'><strong>At</strong></span> <span class='ocrx_word' id='word_1_81' title='bbox 210 1973 260 2016; x_wconf 91' lang='lat' dir='ltr'><strong>me</strong></span> <span class='ocrx_word' id='word_1_82' title='bbox 284 1953 444 2018; x_wconf 87' lang='lat' dir='ltr'><strong>litterulas</strong></span> <span class='ocrx_word' id='word_1_83' title='bbox 467 1955 559 2018; x_wconf 90' lang='lat' dir='ltr'><strong>stulti</strong></span> <span class='ocrx_word' id='word_1_84' title='bbox 582 1954 716 2018; x_wconf 85' lang='lat' dir='ltr'><strong>docuere</strong></span> <span class='ocrx_word' id='word_1_85' title='bbox 738 1957 903 2040; x_wconf 88' lang='lat' dir='ltr'><strong>parentes:</strong></span> 
     </span>
    </p>
   </div>
   <div class='ocr_carea' id='block_1_6' title="bbox 101 2038 1063 2303">
    <p class='ocr_par' dir='ltr' id='par_1_8' title="bbox 101 2038 1063 2303">
     <span class='ocr_line' id='line_1_17' title="bbox 187 2038 1005 2127; baseline 0.001 -22"><span class='ocrx_word' id='word_1_86' title='bbox 187 2038 269 2115; x_wconf 82' lang='lat' dir='ltr'><strong>Quid</strong></span> <span class='ocrx_word' id='word_1_87' title='bbox 292 2063 365 2106; x_wconf 92' lang='lat' dir='ltr'><strong>cum</strong></span> <span class='ocrx_word' id='word_1_88' title='bbox 388 2042 609 2127; x_wconf 78' lang='lat' dir='ltr'><strong>grammaticis</strong></span> <span class='ocrx_word' id='word_1_89' title='bbox 632 2041 880 2125; x_wconf 79' lang='lat' dir='ltr'><strong>rhetoribusque</strong></span> <span class='ocrx_word' id='word_1_90' title='bbox 903 2041 1005 2107; x_wconf 80' lang='lat' dir='ltr'><strong>mihi?</strong></span> 
     </span>
     <span class='ocr_line' id='line_1_18' title="bbox 141 2127 1063 2216; baseline 0.003 -23"><span class='ocrx_word' id='word_1_91' title='bbox 141 2127 270 2215; x_wconf 83' lang='lat' dir='ltr'><strong>Frange</strong></span> <span class='ocrx_word' id='word_1_92' title='bbox 292 2129 378 2194; x_wconf 83' lang='lat' dir='ltr'><strong>leves</strong></span> <span class='ocrx_word' id='word_1_93' title='bbox 402 2130 544 2195; x_wconf 82' lang='lat' dir='ltr'><strong>calamos</strong></span> <span class='ocrx_word' id='word_1_94' title='bbox 568 2136 600 2194; x_wconf 90' lang='lat' dir='ltr'><strong>et</strong></span> <span class='ocrx_word' id='word_1_95' title='bbox 622 2131 743 2214; x_wconf 83' lang='lat' dir='ltr'><strong>scinde,</strong></span> <span class='ocrx_word' id='word_1_96' title='bbox 767 2129 895 2213; x_wconf 82' lang='lat' dir='ltr'><strong>Thalia,</strong></span> <span class='ocrx_word' id='word_1_97' title='bbox 919 2130 1063 2216; x_wconf 88' lang='lat' dir='ltr'><strong>libellos,</strong></span> 
     </span>
     <span class='ocr_line' id='line_1_19' title="bbox 101 2215 822 2303; baseline 0.003 -21"><span class='ocrx_word' id='word_1_98' title='bbox 101 2233 132 2283; x_wconf 89' lang='lat'><strong>10</strong></span> <span class='ocrx_word' id='word_1_99' title='bbox 187 2215 222 2282; x_wconf 83' lang='lat' dir='ltr'><strong>Si</strong></span> <span class='ocrx_word' id='word_1_100' title='bbox 246 2218 321 2282; x_wconf 90' lang='lat' dir='ltr'><strong>dare</strong></span> <span class='ocrx_word' id='word_1_101' title='bbox 344 2219 448 2283; x_wconf 90' lang='lat' dir='ltr'><strong>sutori</strong></span> <span class='ocrx_word' id='word_1_102' title='bbox 470 2220 595 2284; x_wconf 89' lang='lat' dir='ltr'><strong>calceus</strong></span> <span class='ocrx_word' id='word_1_103' title='bbox 618 2218 684 2284; x_wconf 90' lang='lat' dir='ltr'><strong>ista</strong></span> <span class='ocrx_word' id='word_1_104' title='bbox 705 2222 822 2303; x_wconf 88' lang='lat' dir='ltr'><strong>potest.</strong></span> 
     </span>
    </p>
   </div>
   <div class='ocr_carea' id='block_1_7' title="bbox 525 2376 672 2445">
    <p class='ocr_par' dir='ltr' id='par_1_9' title="bbox 525 2376 672 2445">
     <span class='ocr_line' id='line_1_20' title="bbox 525 2376 672 2445; baseline 0.02 -4"><span class='ocrx_word' id='word_1_105' title='bbox 525 2376 672 2445; x_wconf 87' lang='lat' dir='ltr'>LXXIV.</span> 
     </span>
    </p>
   </div>
   <div class='ocr_carea' id='block_1_8' title="bbox 142 2481 931 2834">
    <p class='ocr_par' dir='ltr' id='par_1_10' title="bbox 142 2481 919 2658">
     <span class='ocr_line' id='line_1_21' title="bbox 142 2481 868 2569; baseline 0.004 -23"><span class='ocrx_word' id='word_1_106' title='bbox 142 2481 295 2566; x_wconf 86' lang='lat' dir='ltr'><strong>Effigiem</strong></span> <span class='ocrx_word' id='word_1_107' title='bbox 318 2485 445 2547; x_wconf 87' lang='lat' dir='ltr'><strong>tantum</strong></span> <span class='ocrx_word' id='word_1_108' title='bbox 469 2484 561 2568; x_wconf 90' lang='lat' dir='ltr'><strong>pueri</strong></span> <span class='ocrx_word' id='word_1_109' title='bbox 582 2484 710 2569; x_wconf 90' lang='lat' dir='ltr'><strong>pictura</strong></span> <span class='ocrx_word' id='word_1_110' title='bbox 733 2482 868 2549; x_wconf 81' lang='lat' dir='ltr'><strong>Camoni</strong></span> 
     </span>
     <span class='ocr_line' id='line_1_22' title="bbox 187 2569 919 2658; baseline 0.001 -22"><span class='ocrx_word' id='word_1_111' title='bbox 187 2569 315 2654; x_wconf 82' lang='lat' dir='ltr'><strong>Servat,</strong></span> <span class='ocrx_word' id='word_1_112' title='bbox 339 2574 371 2635; x_wconf 92' lang='lat' dir='ltr'><strong>et</strong></span> <span class='ocrx_word' id='word_1_113' title='bbox 393 2571 527 2636; x_wconf 85' lang='lat' dir='ltr'><strong>infantis</strong></span> <span class='ocrx_word' id='word_1_114' title='bbox 549 2594 651 2656; x_wconf 89' lang='lat' dir='ltr'><strong>parva</strong></span> <span class='ocrx_word' id='word_1_115' title='bbox 672 2573 778 2658; x_wconf 86' lang='lat' dir='ltr'><strong>figura</strong></span> <span class='ocrx_word' id='word_1_116' title='bbox 800 2575 919 2638; x_wconf 83' lang='lat' dir='ltr'><strong>manet.</strong></span> 
     </span>
    </p>

    <p class='ocr_par' dir='ltr' id='par_1_11' title="bbox 142 2657 931 2834">
     <span class='ocr_line' id='line_1_23' title="bbox 142 2657 901 2748; baseline 0.007 -27"><span class='ocrx_word' id='word_1_117' title='bbox 142 2657 310 2724; x_wconf 83' lang='lat' dir='ltr'><strong>Florentes</strong></span> <span class='ocrx_word' id='word_1_118' title='bbox 332 2660 424 2723; x_wconf 87' lang='lat' dir='ltr'><strong>nulla</strong></span> <span class='ocrx_word' id='word_1_119' title='bbox 447 2659 591 2746; x_wconf 85' lang='lat' dir='ltr'><strong>signavit</strong></span> <span class='ocrx_word' id='word_1_120' title='bbox 613 2661 755 2748; x_wconf 85' lang='lat' dir='ltr'><strong>imagine</strong></span> <span class='ocrx_word' id='word_1_121' title='bbox 777 2661 901 2744; x_wconf 78' lang='lat' dir='ltr'><strong>vultus,</strong></span> 
     </span>
     <span class='ocr_line' id='line_1_24' title="bbox 186 2746 931 2834; baseline 0.003 -23"><span class='ocrx_word' id='word_1_122' title='bbox 186 2746 272 2811; x_wconf 89' lang='lat' dir='ltr'><strong>Dum</strong></span> <span class='ocrx_word' id='word_1_123' title='bbox 295 2746 390 2811; x_wconf 84' lang='lat' dir='ltr'><strong>timet</strong></span> <span class='ocrx_word' id='word_1_124' title='bbox 413 2769 470 2812; x_wconf 91' lang='lat' dir='ltr'><strong>ora</strong></span> <span class='ocrx_word' id='word_1_125' title='bbox 492 2749 564 2832; x_wconf 89' lang='lat' dir='ltr'><strong>pius</strong></span> <span class='ocrx_word' id='word_1_126' title='bbox 587 2752 679 2814; x_wconf 86' lang='lat' dir='ltr'><strong>nruta</strong></span> <span class='ocrx_word' id='word_1_127' title='bbox 701 2749 807 2813; x_wconf 88' lang='lat' dir='ltr'><strong>videre</strong></span> <span class='ocrx_word' id='word_1_128' title='bbox 829 2753 931 2834; x_wconf 87' lang='lat' dir='ltr'><strong>pater.</strong></span> 
     </span>
    </p>
   </div>
   <div class='ocr_carea' id='block_1_9' title="bbox 537 2905 666 2971">
    <p class='ocr_par' dir='ltr' id='par_1_12' title="bbox 537 2905 666 2971">
     <span class='ocr_line' id='line_1_25' title="bbox 537 2905 666 2971; baseline 0.008 -2"><span class='ocrx_word' id='word_1_129' title='bbox 537 2905 666 2971; x_wconf 89' lang='lat' dir='ltr'>LXXV.</span> 
     </span>
    </p>
   </div>
   <div class='ocr_carea' id='block_1_10' title="bbox 86 3008 1049 3895">
    <p class='ocr_par' dir='ltr' id='par_1_13' title="bbox 86 3008 1049 3895">
     <span class='ocr_line' id='line_1_26' title="bbox 143 3008 839 3098; baseline 0.006 -24"><span class='ocrx_word' id='word_1_130' title='bbox 143 3008 218 3074; x_wconf 90' lang='lat' dir='ltr'><strong>Non</strong></span> <span class='ocrx_word' id='word_1_131' title='bbox 241 3009 331 3074; x_wconf 90' lang='lat' dir='ltr'><strong>silice</strong></span> <span class='ocrx_word' id='word_1_132' title='bbox 354 3010 433 3074; x_wconf 88' lang='lat' dir='ltr'><strong>duro</strong></span> <span class='ocrx_word' id='word_1_133' title='bbox 457 3012 638 3077; x_wconf 84' lang='lat' dir='ltr'><strong>structilive</strong></span> <span class='ocrx_word' id='word_1_134' title='bbox 660 3017 839 3098; x_wconf 88' lang='lat' dir='ltr'><strong>caemento,</strong></span> 
     </span>
     <span class='ocr_line' id='line_1_27' title="bbox 143 3097 919 3187; baseline 0.006 -25"><span class='ocrx_word' id='word_1_135' title='bbox 143 3097 212 3163; x_wconf 90' lang='lat' dir='ltr'><strong>Neo</strong></span> <span class='ocrx_word' id='word_1_136' title='bbox 235 3098 336 3161; x_wconf 88' lang='lat' dir='ltr'><strong>latere</strong></span> <span class='ocrx_word' id='word_1_137' title='bbox 359 3100 464 3182; x_wconf 91' lang='lat' dir='ltr'><strong>cocto,</strong></span> <span class='ocrx_word' id='word_1_138' title='bbox 488 3120 551 3182; x_wconf 90' lang='lat' dir='ltr'><strong>quo</strong></span> <span class='ocrx_word' id='word_1_139' title='bbox 575 3098 763 3167; x_wconf 81' lang='lat' dir='ltr'><strong>Semiramis</strong></span> <span class='ocrx_word' id='word_1_140' title='bbox 786 3103 919 3187; x_wconf 86' lang='lat' dir='ltr'><strong>longam</strong></span> 
     </span>
     <span class='ocr_line' id='line_1_28' title="bbox 143 3185 859 3270; baseline 0.006 -20"><span class='ocrx_word' id='word_1_141' title='bbox 143 3185 312 3270; x_wconf 83' lang='lat' dir='ltr'><strong>Babylona</strong></span> <span class='ocrx_word' id='word_1_142' title='bbox 335 3185 446 3270; x_wconf 84' lang='lat' dir='ltr'><strong>cinxit,</strong></span> <span class='ocrx_word' id='word_1_143' title='bbox 469 3186 574 3252; x_wconf 82' lang='lat' dir='ltr'><strong>Tucca</strong></span> <span class='ocrx_word' id='word_1_144' title='bbox 596 3188 747 3254; x_wconf 90' lang='lat' dir='ltr'><strong>balneum</strong></span> <span class='ocrx_word' id='word_1_145' title='bbox 769 3189 859 3256; x_wconf 81' lang='lat' dir='ltr'><strong>fecit:</strong></span> 
     </span>
     <span class='ocr_line' id='line_1_29' title="bbox 146 3274 903 3365; baseline 0.005 -25"><span class='ocrx_word' id='word_1_146' title='bbox 146 3274 208 3340; x_wconf 83' lang='lat' dir='ltr'><strong>Sed</strong></span> <span class='ocrx_word' id='word_1_147' title='bbox 232 3279 343 3361; x_wconf 85' lang='lat' dir='ltr'><strong>strage</strong></span> <span class='ocrx_word' id='word_1_148' title='bbox 364 3296 532 3340; x_wconf 89' lang='lat' dir='ltr'><strong>nemorum</strong></span> <span class='ocrx_word' id='word_1_149' title='bbox 555 3277 712 3362; x_wconf 88' lang='lat' dir='ltr'><strong>pineaque</strong></span> <span class='ocrx_word' id='word_1_150' title='bbox 734 3300 903 3365; x_wconf 84' lang='lat' dir='ltr'><strong>compage,</strong></span> 
     </span>
     <span class='ocr_line' id='line_1_30' title="bbox 118 3362 765 3450; baseline 0.005 -23"><span class='ocrx_word' id='word_1_151' title='bbox 118 3362 190 3428; x_wconf 79' lang='lat' dir='ltr'><strong>oUt</strong></span> <span class='ocrx_word' id='word_1_152' title='bbox 211 3364 364 3448; x_wconf 84' lang='lat' dir='ltr'><strong>navigare</strong></span> <span class='ocrx_word' id='word_1_153' title='bbox 388 3364 494 3430; x_wconf 85' lang='lat' dir='ltr'><strong>Tucca</strong></span> <span class='ocrx_word' id='word_1_154' title='bbox 515 3365 631 3431; x_wconf 91' lang='lat' dir='ltr'><strong>balneo</strong></span> <span class='ocrx_word' id='word_1_155' title='bbox 654 3366 765 3450; x_wconf 89' lang='lat' dir='ltr'><strong>possit.</strong></span> 
     </span>
     <span class='ocr_line' id='line_1_31' title="bbox 142 3451 806 3520; baseline 0.005 -4"><span class='ocrx_word' id='word_1_156' title='bbox 142 3451 231 3517; x_wconf 88' lang='lat' dir='ltr'><strong>Idem</strong></span> <span class='ocrx_word' id='word_1_157' title='bbox 255 3453 368 3517; x_wconf 87' lang='lat' dir='ltr'><strong>beatas</strong></span> <span class='ocrx_word' id='word_1_158' title='bbox 391 3454 498 3517; x_wconf 88' lang='lat' dir='ltr'><strong>lautus</strong></span> <span class='ocrx_word' id='word_1_159' title='bbox 522 3455 641 3518; x_wconf 82' lang='lat' dir='ltr'><strong>extruit</strong></span> <span class='ocrx_word' id='word_1_160' title='bbox 663 3455 806 3520; x_wconf 87' lang='lat' dir='ltr'><strong>thermas</strong></span> 
     </span>
     <span class='ocr_line' id='line_1_32' title="bbox 144 3539 947 3628; baseline 0.002 -24"><span class='ocrx_word' id='word_1_161' title='bbox 144 3539 193 3605; x_wconf 90' lang='lat' dir='ltr'><strong>De</strong></span> <span class='ocrx_word' id='word_1_162' title='bbox 216 3562 377 3606; x_wconf 87' lang='lat' dir='ltr'><strong>marmore</strong></span> <span class='ocrx_word' id='word_1_163' title='bbox 401 3541 502 3625; x_wconf 91' lang='lat' dir='ltr'><strong>omni,</strong></span> <span class='ocrx_word' id='word_1_164' title='bbox 526 3543 611 3625; x_wconf 91' lang='lat' dir='ltr'><strong>quod</strong></span> <span class='ocrx_word' id='word_1_165' title='bbox 635 3540 788 3626; x_wconf 83' lang='lat' dir='ltr'><strong>Carystos</strong></span> <span class='ocrx_word' id='word_1_166' title='bbox 813 3541 947 3628; x_wconf 84' lang='lat' dir='ltr'><strong>invenit,</strong></span> 
     </span>
     <span class='ocr_line' id='line_1_33' title="bbox 146 3628 1049 3717; baseline 0.003 -24"><span class='ocrx_word' id='word_1_167' title='bbox 146 3628 238 3705; x_wconf 82' lang='lat' dir='ltr'><strong>Quod</strong></span> <span class='ocrx_word' id='word_1_168' title='bbox 260 3630 403 3716; x_wconf 82' lang='lat' dir='ltr'><strong>Phrygia</strong></span> <span class='ocrx_word' id='word_1_169' title='bbox 426 3628 564 3714; x_wconf 85' lang='lat' dir='ltr'><strong>Synnas,</strong></span> <span class='ocrx_word' id='word_1_170' title='bbox 587 3629 668 3695; x_wconf 81' lang='lat' dir='ltr'><strong>Afra</strong></span> <span class='ocrx_word' id='word_1_171' title='bbox 692 3632 777 3715; x_wconf 89' lang='lat' dir='ltr'><strong>quod</strong></span> <span class='ocrx_word' id='word_1_172' title='bbox 799 3629 922 3696; x_wconf 89' lang='lat' dir='ltr'><strong>Nomas</strong></span> <span class='ocrx_word' id='word_1_173' title='bbox 945 3631 1049 3717; x_wconf 86' lang='lat' dir='ltr'><strong>misit,</strong></span> 
     </span>
     <span class='ocr_line' id='line_1_34' title="bbox 144 3718 825 3803; baseline 0.004 -21"><span class='ocrx_word' id='word_1_174' title='bbox 144 3718 189 3782; x_wconf 80' lang='lat' dir='ltr'><strong>nt</strong></span> <span class='ocrx_word' id='word_1_175' title='bbox 212 3718 297 3803; x_wconf 90' lang='lat' dir='ltr'><strong>quod</strong></span> <span class='ocrx_word' id='word_1_176' title='bbox 320 3718 439 3783; x_wconf 82' lang='lat' dir='ltr'><strong>virenti</strong></span> <span class='ocrx_word' id='word_1_177' title='bbox 460 3719 549 3783; x_wconf 82' lang='lat' dir='ltr'><strong>fonte</strong></span> <span class='ocrx_word' id='word_1_178' title='bbox 572 3719 653 3784; x_wconf 84' lang='lat' dir='ltr'><strong>lavit</strong></span> <span class='ocrx_word' id='word_1_179' title='bbox 673 3718 825 3785; x_wconf 84' lang='lat' dir='ltr'><strong>Eurotas.</strong></span> 
     </span>
     <span class='ocr_line' id='line_1_35' title="bbox 86 3804 949 3895; baseline 0.003 -28"><span class='ocrx_word' id='word_1_180' title='bbox 86 3804 201 3870; x_wconf 76' lang='lat' dir='ltr'><strong>roSed</strong></span> <span class='ocrx_word' id='word_1_181' title='bbox 218 3807 314 3895; x_wconf 83' lang='lat' dir='ltr'><strong>ligna</strong></span> <span class='ocrx_word' id='word_1_182' title='bbox 339 3805 471 3875; x_wconf 90' lang='lat' dir='ltr'><strong>desunt:</strong></span> <span class='ocrx_word' id='word_1_183' title='bbox 495 3805 606 3876; x_wconf 84' lang='lat' dir='ltr'><strong>subice</strong></span> <span class='ocrx_word' id='word_1_184' title='bbox 624 3807 783 3874; x_wconf 85' lang='lat' dir='ltr'><strong>balneum</strong></span> <span class='ocrx_word' id='word_1_185' title='bbox 799 3807 949 3872; x_wconf 77' lang='lat' dir='ltr'><strong>tbcrmls.</strong></span> 
     </span>
    </p>
   </div>
   <div class='ocr_carea' id='block_1_11' title="bbox 0 0 1215 4132">
    <p class='ocr_par' dir='ltr' id='par_1_14' title="bbox 0 0 1215 4132">
     <span class='ocr_line' id='line_1_36' title="bbox 0 0 1215 4132; baseline 0 0"><span class='ocrx_word' id='word_1_186' title='bbox 0 0 1215 4132; x_wconf 95' lang='lat' dir='ltr'><strong> </strong></span> 
     </span>
    </p>
   </div>
  </div>
 </body>
</html>
