2408 4132
10 31 1140 248 ἡ

339 467 634 525 EPIGRAMMATON
652 471 718 527 LIB.
737 473 795 526 VII.
1008 475 1071 539 169

497 581 659 696 uxxvr'

112 734 203 810 Quod
224 739 258 799 te
282 735 436 818 diripiunt
457 737 658 819 potentiores

111 824 173 887 Per
197 823 356 907 convivia,
379 824 535 907 porticus,
557 825 702 907 theatra,

110 912 156 976 ut
179 915 297 989 tecum,
321 912 469 995 quotiens
493 913 541 976 ita
563 913 718 998 incidisti,

112 999 240 1070 Gestari
262 1000 353 1063 iuvat
376 1004 408 1065 et
429 1001 520 1065 iuvat
543 1001 659 1065 lavari:

86 1087 223 1153 sNolito
245 1088 382 1152 nimium
405 1088 467 1151 tibi
488 1089 625 1173 plaeere.

111 1176 274 1260 Delectas,
295 1174 495 1261 Philomuse,
518 1199 584 1242 non
607 1178 734 1243 amaris.

489 1317 650 1383 LXXVII.

110 1423 237 1508 Exigis,
261 1426 298 1486 ut
319 1426 450 1487 nostros
474 1424 590 1488 donem
611 1425 687 1508 tibi,
709 1424 826 1509 Tucca,
849 1426 989 1493 libellos.

155 1510 231 1576 Non
252 1510 382 1575 faciam:
404 1534 480 1575 nam
504 1513 553 1577 vis
576 1514 726 1592 vendere,
749 1536 816 1578 non
838 1515 954 1600 legere.

478 1670 657 1736 LXXVIII.

111 1776 192 1842 Cum
216 1774 370 1841 Saxetani
392 1780 533 1860 ponatur
555 1777 657 1842 cauda
679 1778 791 1843 lacerti

154 1865 210 1948 nt,
232 1866 313 1929 bene
337 1865 365 1928 si
388 1887 498 1949 cenae,
521 1865 653 1931 conchis
676 1867 808 1931 inuncta
830 1867 904 1932 tibi:

111 1953 243 2036 Sumen,
266 1975 393 2036 aprum,
415 1954 571 2038 leporem,
593 1955 735 2038 boletos,
757 1959 878 2038 ostrea,
901 1957 1019 2021 mullos

83 2108 85 2111 ,
154 2041 273 2106 Mittis:
295 2041 396 2106 hebes
420 2062 479 2106 nec
502 2064 570 2125 cor,
593 2042 718 2127 Papile,
741 2065 800 2108 nec
824 2045 964 2129 genium.

496 2198 639 2264 LXXIX.

110 2307 225 2371 Potavi
248 2305 343 2370 modo
368 2305 536 2370 consulare
559 2305 677 2370 vinum.

112 2394 259 2477 Quaeris,
282 2416 379 2478 quarn
401 2397 495 2458 vetus
518 2397 615 2477 atque
637 2393 794 2458 liberale?

109 2482 186 2567 Ipso
210 2484 342 2547 consule
365 2482 542 2546 conditum:
566 2482 622 2545 sed
643 2481 726 2564 ipse,

112 2572 173 2648 Qui
195 2572 351 2657 ponebat,
375 2574 456 2653 erat,
480 2568 609 2654 Severe,
633 2570 753 2634 consul.

503 2728 631 2794 LXXX.

112 2836 274 2913 Quatenus
299 2836 454 2919 Odrysios
478 2836 543 2900 iarn
565 2858 630 2920 pax
652 2834 800 2900 Romana
821 2836 944 2902 triones

154 2924 327 3008 Temperat
350 2929 384 2989 et
405 2925 540 2989 tetricae
563 2923 743 2989 conticuere
766 2925 877 3007 tubae,

110 3012 205 3078 Hunc
228 3012 417 3079 Marcellino
440 3013 576 3098 poteris,
598 3012 766 3097 Faustino,
788 3013 936 3078 libellum

154 3101 300 3166 Mittere:
323 3101 389 3166 iam
412 3102 546 3180 chartis,
568 3102 635 3165 iam
658 3106 753 3166 vacat
775 3100 831 3165 ille
852 3102 940 3166 Iocis.

84 3189 173 3254 eSed
196 3191 225 3254 si
246 3213 348 3273 parva
369 3191 419 3255 tui
441 3191 630 3254 munuscula
653 3190 781 3273 quaeris
805 3189 902 3254 amici

154 3278 399 3363 Commendare,
422 3278 505 3344 ferat
529 3278 670 3343 carmina
691 3281 805 3341 nostra
826 3299 918 3360 puer:
956 3334 962 3347 ,.

109 3366 186 3431 Non
209 3368 313 3451 qualis
337 3365 468 3432 Geticae
492 3367 628 3431 satiatus
652 3367 736 3430 lacte
759 3365 910 3430 iuvencae

155 3455 336 3521 Sarmatica
358 3456 464 3540 rigido
486 3455 570 3518 ludit
591 3455 626 3518 in
649 3475 743 3518 amne
765 3458 852 3536 rota,

111 3543 172 3608 Sed
195 3544 384 3627 Mytilenaei
406 3564 518 3607 roseus
541 3542 713 3627 mangonis
736 3541 893 3624 ephebus,

67 3649 99 3696 10
152 3633 216 3697 Vel
239 3654 306 3696 non
328 3653 439 3696 caesus
462 3631 567 3696 adhuc
589 3633 693 3696 matre
714 3629 844 3693 iubente
867 3627 982 3693 Lacon.

109 3721 155 3784 At
177 3721 240 3785 tibi
263 3720 392 3805 captivo
414 3720 556 3784 famulus
579 3719 728 3783 mittetur
751 3717 792 3781 ab
815 3715 945 3799 Histro,

154 3809 214 3885 Qui
238 3808 424 3874 Tiburtinas
447 3829 582 3896 pascere
604 3807 716 3894 possIt
739 3827 832 3871 oues.
