2408 4132
70 33 107 255 iiii
117 33 133 255 ii
268 258 271 265 ι
1112 252 1121 259 “
1127 247 1130 255 ¹

16 518 18 523 ·
77 580 79 583 Ι
123 489 185 554 170
446 491 484 546 u.
502 491 585 546 vsu.
603 490 801 546 uuarrsnrs

550 652 696 719 LXXXI.

163 758 330 843 „Triginta
352 761 423 822 toto
446 758 534 822 mala
558 762 635 822 sunt
656 758 895 844 epigrammata
918 758 1031 824 libro.“

178 913 180 918 ,
209 848 243 910 si
265 846 400 911 totidem
427 848 512 910 bona
535 851 625 924 sunt,
648 846 768 932 Lause,
790 849 894 912 bonus
917 848 999 912 liber
1022 854 1082 912 est.

541 985 702 1052 LXXXII.

163 1092 341 1176 Menophili
363 1114 480 1176 penem
501 1096 571 1157 tam
594 1092 726 1177 grandis
749 1094 852 1157 fibula
874 1094 987 1178 vestit,

207 1180 254 1244 Ut
278 1181 321 1244 sit
344 1180 504 1245 comoedis
529 1181 678 1246 omnibus
701 1203 766 1245 una
790 1182 879 1247 satis.

163 1267 259 1333 Hunc
269 1289 328 1353 ego
339 1269 536 1333 credideram
543 1305 581 1315 -
590 1291 666 1334 nam
675 1291 770 1352 saepe
779 1270 968 1334 lavamurin
978 1292 1079 1334 unum
1086 1307 1129 1317 -

209 1356 392 1421 Sollicitum
414 1358 486 1422 voci
508 1379 653 1440 parcere,
676 1357 804 1441 Flacco,
828 1362 937 1422 suae:'

138 1445 251 1509 5Dum
274 1445 358 1509 ludit
379 1445 486 1509 media
508 1447 627 1529 populo
652 1449 816 1530 spectante
838 1447 1015 1531 palaestra,

209 1533 352 1616 Delapsa
375 1538 424 1597 est
447 1534 564 1598 misero
586 1534 700 1598 fibula:
724 1555 841 1618 verpus
864 1538 942 1599 erat.
1089 1535 1092 1542 '

534 1691 712 1756 LXXXIII.

86 1844 89 1849 -
165 1796 361 1881 Eutrapelus
384 1801 497 1861 tonsor
521 1797 596 1861 dum
619 1797 731 1862 circuit
755 1819 811 1861 ora
833 1797 971 1882 Luperci

209 1885 430 1970 Expingitque
454 1906 566 1970 genas,
590 1886 693 1949 altera
715 1886 819 1950 barba
842 1885 937 1951 subit.

535 2042 711 2108 LXXXIV.

113 2165 145 2216 x
166 2147 253 2214 Dum
276 2170 348 2213 mea
370 2147 511 2214 Caecilio
533 2149 694 2214 formatur
716 2149 825 2235 imago
849 2149 994 2216 Secundo

211 2235 320 2321 Spirat
343 2240 375 2301 et
398 2241 514 2322 arguta
536 2238 625 2321 plote
647 2238 768 2302 tabella
791 2261 904 2321 manu,

167 2325 196 2410 I,
218 2326 312 2406 liber,
335 2326 376 2390 ad
394 2324 540 2390 Geticam
557 2325 684 2390 Peucen
701 2324 913 2410 Histrumque
932 2327 1106 2392 iacentem:

210 2414 299 2478 Haeo
322 2413 395 2479 loca
417 2414 606 2498 perdomitis
631 2415 781 2500 gentibus
805 2414 861 2479 ille
884 2418 982 2479 tenet.

141 2503 278 2568 5Parva¹
295 2502 386 2566 dabis
411 2524 499 2586 caro,
522 2503 577 2566 sed
601 2503 707 2567 dulcia
730 2503 827 2586 dona,
851 2502 967 2567 sodali:

212 2589 336 2655 Certior
359 2591 393 2653 in
415 2593 528 2654 nostro
553 2591 695 2656 carmine
716 2590 827 2655 vultus
851 2591 925 2675 erit,

116 2705 118 2708 ’
168 2678 304 2744 Casibus
328 2678 381 2741 hic
403 2679 516 2763 nullis,
538 2679 638 2743 nullis
662 2678 808 2744 delebilis
832 2680 924 2743 annis

211 2766 322 2850 Vivet,
345 2766 516 2849 Apelleum
541 2788 614 2831 cum
637 2768 793 2832 morietur
816 2789 906 2850 opus.

545 2924 704 2990 LXXXV.

169 3030 261 3106 Quod
283 3051 348 3093 non
371 3028 492 3093 insulse
516 3031 630 3094 scribis
652 3031 847 3096 tetrasticha
870 3031 1041 3117 quaedam,

212 3117 361 3182 Disticha
385 3117 469 3202 quod
491 3119 576 3183 belle
599 3140 716 3203 pauca,
739 3118 882 3205 Sabelle,
904 3121 998 3206 facis,

169 3207 294 3290 Laudo,
314 3228 378 3271 neo
393 3206 543 3270 admiror.
573 3206 681 3272 Facile
700 3211 749 3271 est
768 3211 1003 3292 epigrammata
1021 3209 1109 3276 belle

214 3295 374 3379 Scribere,
398 3295 454 3359 sed
477 3295 597 3360 librum
621 3295 760 3360 scribere
783 3296 914 3362 difficile
938 3303 997 3364 est.

538 3454 715 3521 LXXXVI.

168 3559 221 3625 Ad
243 3560 413 3626 natalicias
436 3561 534 3647 dapes
557 3562 711 3646 vocabar,

169 3649 286 3714 Essem
310 3671 382 3714 cum
403 3651 479 3735 tibi,
503 3647 612 3734 Sexte,
635 3672 701 3714 non
724 3651 861 3717 amicus:

169 3737 250 3811 Quid
273 3737 397 3803 factum
421 3744 485 3823 est,
508 3760 602 3824 rogo,
626 3738 703 3822 quid
725 3743 857 3824 repente
880 3739 1004 3804 factum
1028 3745 1093 3826 est,

147 3823 237 3888 Post
262 3831 315 3892 tot
334 3827 483 3916 pignora
508 3833 638 3918 nostra,
659 3832 739 3916 post
759 3833 815 3894 tot
836 3849 940 3892 annos
