2408 4132
134 442 178 506 56
460 441 498 495 M.
516 440 596 497 VAL.
615 439 809 495 MARTIALIS

178 603 331 670 Protinus
354 608 410 668 aut
432 603 533 668 Marsi
556 604 673 667 recitas
697 606 755 667 aut
778 602 899 685 scripta
921 601 1049 667 Catulli

222 691 294 757 Hoc
316 692 396 757 mihi
420 693 491 775 das,
514 696 669 774 tanquam
693 690 854 755 deteriora
876 692 981 775 leges,

151 779 225 845 sUt
247 784 376 844 conlata
397 781 503 864 magis
526 780 674 862 placeant
696 778 791 843 mea?
826 777 993 844 Credimus
1016 779 1120 843 istud:

222 868 310 932 Malo
334 872 443 932 tamen
465 867 595 950 recites,
618 865 813 949 Caeciliaue,
834 870 900 930 tua.

571 996 704 1062 LXXII.

178 1095 340 1160 Hesterna
362 1096 485 1161 facturn
507 1101 672 1177 narratur,
694 1094 861 1172 Postume,
884 1117 963 1159 cena

223 1184 315 1260 Quod
337 1185 458 1249 nollem
475 1221 519 1229 -
537 1185 609 1266 quis
628 1183 715 1247 enim
738 1184 817 1247 talia
834 1183 920 1248 facta
937 1183 1078 1268 probet?
1099 1220 1158 1232 -·

178 1271 222 1337 Os
245 1272 306 1335 tibi
328 1272 488 1355 percisum
511 1277 633 1355 quanto
655 1294 722 1337 non
743 1271 814 1355 ipse
836 1271 972 1336 Latinus

221 1359 311 1424 Vilia
331 1359 500 1424 Panniculi
522 1360 663 1442 percutit
685 1382 743 1425 ora
765 1381 860 1424 sono:
1007 1435 1010 1440 Α

151 1447 333 1532 5Qu0dque
355 1448 460 1533 magis
480 1448 597 1511 mirum
616 1451 679 1530 est,
698 1452 860 1512 auctorem
880 1447 1023 1512 criminis
1040 1446 1140 1512 huius

222 1535 398 1601 Caecilium
421 1541 493 1600 tota
515 1558 625 1600 rumor
646 1537 681 1599 in
703 1535 783 1600 urbe
807 1540 909 1601 sonat

177 1625 260 1687 Esse
281 1645 382 1710 negas
405 1624 541 1688 factum:
563 1624 613 1688 ris
636 1624 698 1688 hoc
721 1646 772 1687 me
795 1623 945 1688 credere?
968 1622 1073 1688 credo.

222 1710 319 1790 Quid,
342 1711 428 1795 quod
450 1711 552 1776 habet
573 1716 688 1796 testes,
710 1710 879 1794 Postume,
902 1709 1086 1776 Caecilius?

178 1957 262 2033 Quid
284 1957 384 2023 faciat
406 1959 477 2024 vult
500 1852 714 2040 scirilllilriii
737 1958 823 2042 quod
846 1957 969 2023 sobria:
992 1957 1095 2023 fellat.

564 2097 710 2164 LXXIV.

179 2202 327 2269 Cinctum
351 2205 472 2289 togatis
496 2208 627 2289 postet
650 2207 724 2267 ante
748 2203 926 2289 Saufeium,

178 2291 307 2368 Quanta
329 2293 437 2359 reduci
459 2293 605 2377 Regulus
629 2292 712 2356 solet
734 2292 846 2376 turba,

176 2381 229 2445 Ad
252 2382 319 2445 alta
342 2385 472 2446 tonsum
495 2381 618 2462 templa
640 2401 713 2444 cum
735 2402 826 2444 reum
848 2380 953 2463 misit,

176 2468 336 2547 Materne,
359 2470 485 2534 cernis?
508 2468 651 2532 invidere
674 2467 788 2533 nolito.

151 2556 359 2622 scomitatus
381 2559 443 2622 iste
467 2559 511 2622 sit
533 2577 647 2640 precor
669 2559 745 2621 tuus
767 2578 942 2640 nunquam.

176 2643 246 2709 Hos
269 2645 319 2709 illi
343 2645 463 2710 amicos
487 2649 520 2710 et
543 2664 658 2729 greges
681 2647 870 2729 togatorum

177 2730 380 2798 Fuficulenus
402 2736 549 2817 praestat
572 2736 605 2796 et
627 2730 831 2797 Faventinus.

573 2872 702 2938 LXXV.

178 2977 323 3043 Verbera
346 2979 450 3042 securi
473 2979 588 3043 solitus
611 2979 662 3043 leo
685 2978 769 3044 ferre
793 2979 941 3066 magistri

221 3066 444 3150 insertamque
466 3068 536 3150 pati
559 3066 695 3132 blandus
719 3069 755 3132 in
778 3090 835 3133 ora
857 3090 986 3132 manum

177 3153 338 3219 Dedidicit
360 3177 474 3238 pacem
497 3156 606 3220 subito
629 3154 759 3220 feritate
782 3177 926 3240 reversa,

222 3242 350 3318 Quanta
371 3265 430 3308 nec
451 3245 486 3307 in
508 3242 638 3326 Libycis
663 3243 773 3308 debuit
796 3266 866 3309 esse
888 3244 982 3327 iugis.

151 3330 262 3396 5Nam
286 3331 349 3395 duo
373 3331 412 3395 de
435 3337 546 3396 tenera
567 3331 706 3414 puerilia
728 3354 865 3416 corpora
887 3331 996 3415 turba,
1113 3402 1116 3407 ,

221 3417 439 3504 Sanguineam
462 3420 577 3484 rastris
602 3442 683 3503 quae
705 3421 883 3485 renovabat
904 3420 1052 3503 humum,

178 3505 298 3571 Saevus
322 3513 355 3572 et
377 3508 489 3572 infelix
511 3507 621 3572 furiali
645 3509 739 3572 dente
762 3509 912 3593 peremit:

220 3595 341 3659 Martia
363 3617 429 3660 non
450 3596 533 3661 vidit
555 3595 659 3660 maius
682 3596 803 3660 harena
825 3596 926 3662 nefas.

175 3683 370 3749 Exclamare
393 3683 487 3748 libet:
509 3684 678 3767 „crudelis,
700 3684 835 3768 perfide,
855 3682 992 3771 praedo,

121 3786 160 3830 rc
209 3770 242 3834 A
265 3776 383 3838 nostra
402 3772 515 3858 pueris
538 3793 672 3858 parcere
694 3770 926 3861 ‹tiriae-„lupplt'¹
974 3848 1002 3859 μ
