2408 4132
10 35 1148 236 a

341 485 636 542 EPIGRAMMATON
654 487 720 542 LlB.
740 488 787 543 IX.
1007 489 1070 554 199

111 647 250 713 Grandis
273 649 307 713 in
331 649 474 713 aetherio
497 648 574 713 licet
597 649 703 713 auctio
725 649 785 712 fiat
808 647 945 734 Olympo

154 736 383 823 Coganturque
407 737 458 800 dei
482 737 617 801 vendere
641 737 794 821 quidquid
816 736 950 822 habeut,

82 823 327 890 ooonturbabit
349 824 480 906 Atlans,
504 828 537 888 et
560 847 623 889 non
648 827 709 889 erit
732 824 827 889 uncia
849 828 932 908 tota,

154 914 290 979 Decidat
312 916 418 978 tecum
442 934 505 997 qua
527 919 620 996 pater
643 915 711 996 ipse
735 913 842 977 deum:

109 1000 173 1067 Pro
197 1001 390 1087 Capitolinis
415 1002 489 1085 quid
513 1003 599 1064 enirn
621 1001 682 1065 tibi
706 1000 830 1067 solvere
849 1001 1001 1086 templiS,

155 1090 238 1167 Quid
261 1111 319 1172 pro
344 1089 500 1174 Tarpeiae
522 1089 645 1153 frondis
668 1089 790 1155 honore
813 1090 944 1173 potest?

110 1178 194 1255 Quid
217 1199 274 1260 pro
299 1176 492 1242 culminibus
516 1176 653 1260 geminis
675 1182 826 1241 matrona
849 1176 1027 1242 Tonantis?

68 1281 101 1330 ιο
155 1266 288 1330 Pallada
310 1270 491 1348 praetereo:
515 1287 566 1331 res
585 1267 659 1350 agit
681 1265 738 1329 illa
760 1270 844 1329 tuas.

111 1353 194 1429 Quid
212 1356 325 1438 loquar
343 1353 480 1420 Alciden
497 1351 728 1437 Phoebumque
746 1354 881 1438 piosque
899 1353 1068 1419 Laconas?

153 1441 274 1507 Addita
298 1442 373 1528 quid
396 1441 489 1507 Latio
512 1440 624 1506 Flavia
646 1442 769 1524 templa
791 1442 891 1527 polo?

109 1531 268 1615 Expectes
292 1534 325 1594 et
348 1529 519 1608 sustineas,
544 1529 705 1615 Auguste,
728 1551 858 1594 necesse
881 1533 943 1594 est:

152 1617 239 1682 Nam
261 1618 323 1683 tibi
347 1619 431 1702 quod
455 1618 562 1682 solvat
583 1640 651 1683 non
672 1618 771 1682 habet
794 1640 870 1683 arca
891 1618 988 1682 Iovis.

109 1838 258 1903 Aureolis
281 1836 365 1902 futui
388 1860 460 1902 cum
483 1749 595 1921 posIsii
610 1836 705 1902 Galla
728 1839 852 1902 duobus

152 1926 198 1990 Et
220 1927 293 2009 plus
317 1948 412 2010 quam
435 1926 534 2008 futui,
557 1926 585 1991 si
607 1927 742 1990 totidem
767 1925 939 1990 addideris:

108 2014 268 2078 Aureolos
292 2036 311 2077 a
333 2017 366 2078 te
389 2036 445 2078 cur
468 2015 598 2098 accipit,
621 2014 793 2098 Aeschylo,
816 2015 936 2079 denos?

152 2102 227 2167 Non
249 2102 344 2166 fellat
366 2101 452 2166 tanti
474 2099 578 2166 Galla.
615 2101 698 2178 Quid
722 2103 821 2186 ergo?
858 2101 965 2166 Taeet.

108 2321 238 2387 Nubere
261 2322 310 2387 vis
332 2321 458 2386 Prisco:
481 2232 683 2400 noaniror,
706 2320 821 2384 Paula:
846 2320 968 2402 sapisti.

152 2410 275 2475 Ducere
298 2414 331 2474 te
353 2431 419 2475 non
441 2410 512 2474 vult
533 2408 675 2473 Priscus:
700 2412 733 2473 et
754 2408 810 2472 ille
835 2408 928 2492 sapit.

537 2538 594 2606 VI.

107 2630 195 2712 Tibi,
219 2651 342 2694 summe
364 2629 469 2694 Rheni
492 2628 633 2694 domitor
656 2632 688 2692 et
710 2649 826 2711 parens
850 2628 951 2712 orbis,

107 2717 226 2783 Pudice
249 2717 411 2803 princeps,
435 2717 559 2803 gratias
583 2720 684 2802 agunt
705 2718 815 2780 urbes:

107 2806 249 2889 Populos
272 2806 449 2890 habebunt3
472 2827 585 2890 parere
608 2805 673 2869 iam
697 2806 800 2869 scelus
822 2826 888 2870 non
911 2808 970 2871 est.

107 2893 184 2959 Non
206 2915 285 2977 puer
308 2895 396 2958 avari
419 2901 525 2959 sectus
549 2899 618 2958 arte
641 2894 810 2979 mangonis

79 2981 284 3047 aVirilicatis
309 2982 425 3047 damna
449 2985 570 3047 maeret
593 2985 735 3065 ereptae,

107 3069 175 3135 Nec
199 3092 295 3154 quam
318 3072 475 3155 superbus
499 3074 664 3154 computet
687 3071 803 3155 stipem
827 3071 914 3154 leno,

106 3158 174 3223 Dat
195 3157 372 3243 prostituto
396 3159 514 3223 misera
536 3163 639 3223 mater
661 3159 788 3222 infanti.

107 3245 170 3321 Qui
191 3269 250 3311 nec
274 3247 372 3311 cubili
394 3247 501 3312 fuerat
524 3252 599 3311 ante
622 3250 656 3311 te
679 3247 852 3330 quondam,

106 3333 216 3400 Pudor
240 3356 310 3400 esse
332 3357 390 3419 per
413 3340 446 3400 te
469 3336 576 3420 coepit
599 3341 632 3400 et
654 3334 810 3418 lupanari.

53 3616 57 3627 .
104 3556 221 3622 Dicere
243 3556 281 3621 de
306 3555 435 3640 Libycis
458 3555 566 3620 reduci
589 3555 651 3619 tibi
674 3556 836 3640 gentibus,
859 3553 953 3637 Afer,

149 3643 320 3712 Continuis
343 3645 431 3710 volui
454 3644 594 3729 quinque
617 3643 729 3708 diebus
754 3642 858 3708 Have:

102 3730 199 3819 „Non
207 3731 321 3800 vacat“
328 3737 385 3798 aut
393 3733 549 3815 ‚,dormit“
560 3732 680 3796 dictum
690 3737 740 3795 cst
748 3731 797 3795 bis
805 3735 919 3815 terque
928 3752 1073 3794 reuerso.

145 3818 216 3887 Iam
238 3822 320 3887 satie
343 3825 407 3886 est:
428 3843 495 3888 non
520 3819 584 3909 vio,
609 3820 707 3908 Ater,
723 3821 870 3888 banarei
889 3819 981 3884 sals.
