2408 4132
341 335 633 392 EPIGRAMMATON
650 338 717 392 LIB.
736 338 782 394 III.
1021 341 1063 406 79

102 496 235 560 Domini
257 497 398 562 bibentis
422 498 546 562 ebrium
569 500 654 585 regit
676 521 799 582 penem.

103 585 149 647 At
171 585 227 648 ille
250 590 337 650 retro
360 587 460 650 flexus
484 588 525 652 ad
547 587 665 670 pedum
687 589 815 652 turbam

101 671 192 736 Inter
215 675 348 737 catellas
372 697 521 738 anserum
545 679 618 740 exta
641 677 821 740 lambentes

57 778 91 825 20
101 760 248 825 Partitur
272 763 342 846 apri
367 763 535 847 glandulas
558 765 757 847 palaestritis

101 848 147 912 Et
170 850 347 914 concubino
370 856 534 915 turturum
556 857 649 916 nates
673 851 787 934 donat3

101 937 321 1024 Ligurumque
344 940 438 1003 nobis
462 961 540 1003 saxa
562 962 635 1004 cum
658 941 881 1006 ministrentur

102 1026 164 1091 Vel
187 1031 279 1091 cocta
300 1027 398 1091 fumis
422 1031 530 1091 musta
551 1027 779 1113 Massilitanis,

102 1115 310 1199 Opimianum
333 1115 531 1180 morionibus
553 1121 666 1180 nectar

55 1219 90 1268 25
102 1202 372 1287 Crystallinisque
395 1204 608 1287 murrinisque
631 1204 791 1288 propinat.

101 1291 146 1355 Et
171 1290 352 1356 Cosmianis
375 1292 445 1374 ipse
466 1292 558 1356 fusus
582 1293 735 1377 ampullis

100 1379 177 1444 Non
199 1380 359 1444 erubescit
381 1380 502 1445 murice
521 1403 617 1445 aureo
641 1381 736 1445 nobis

100 1468 252 1533 Dividere
276 1468 427 1532 moechae
450 1469 601 1554 pauperis
625 1469 787 1552 capillare.

101 1556 260 1639 Septunce
283 1557 387 1620 multo
411 1555 523 1621 deinde
546 1557 689 1640 perditus
714 1556 835 1622 stertit:

55 1664 90 1712 30
101 1644 170 1709 Nos
195 1645 387 1709 accubamus
411 1648 458 1727 et,
481 1645 645 1709 silentium
668 1645 821 1710 rhonchis

99 1734 271 1797 Praestare
293 1734 386 1816 iussi,
408 1734 540 1798 nutibus
563 1734 781 1818 propinamus

98 1821 169 1886 Hos
190 1821 384 1886 Malchionis
406 1823 550 1905 patimur
572 1821 712 1906 improbi
733 1820 853 1906 fastus,

100 1909 168 1974 Nec
191 1909 358 1993 vindicari,
380 1908 476 1993 Rufe,
499 1932 684 1994 possumus:
706 1909 809 1973 fellat.

469 2067 647 2134 LXXXIII.

101 2175 146 2240 Ut
168 2174 287 2239 faciam
310 2173 459 2238 breviora
482 2195 594 2238 mones
617 2173 865 2258 epigrammata,
891 2172 1003 2240 Corde.

143 2262 226 2348 „Fac
249 2262 341 2346 mihi,
364 2263 450 2346 quod
473 2260 626 2327 Chione“:
649 2283 715 2326 non
737 2263 829 2345 potui
851 2262 989 2328 brevius.

471 2418 646 2484 LXXXIV.

100 2529 183 2605 Quid
204 2530 317 2592 narrat
339 2531 397 2590 tua
418 2525 574 2591 moecha?
607 2526 683 2591 Non
705 2526 848 2610 puellam

99 2617 187 2702 Dixi,
212 2614 408 2700 Gongylion.
444 2613 528 2690 Quid
551 2615 651 2700 ergo?
673 2614 828 2700 linguam.

477 2771 636 2838 LXXXV.

99 2880 176 2957 Quis
200 2881 262 2945 tibi
284 2879 446 2963 persuasit
467 2902 562 2945 nares
586 2879 750 2946 abscidere
773 2881 929 2946 moecho?

141 2969 216 3034 Non
238 2969 300 3033 hac
321 2972 489 3051 peccatum
513 2972 563 3032 est
585 2973 692 3051 parte,
715 2971 845 3050 marito,
868 2971 938 3033 tibi.

98 3057 217 3141 Stulte,
241 3056 319 3141 quid
342 3056 459 3141 egisti?
481 3056 564 3120 nihil
587 3057 640 3121 hie
663 3057 725 3120 tibi
747 3057 888 3139 perdidIt
909 3080 1006 3143 uxor,

142 3145 223 3211 Cum
248 3145 293 3209 sit
316 3147 406 3208 salva
428 3144 477 3208 tui
499 3146 644 3209 mentula
665 3144 837 3227 Deiphobi.

466 3302 642 3368 LXXXVI.

96 3410 146 3476 Ne
169 3413 294 3496 legeres
318 3412 443 3494 partem
467 3409 594 3492 lascivi,
617 3412 720 3492 casta,
742 3409 859 3492 libelli,

140 3499 290 3563 Praedixi
313 3502 346 3562 et
370 3497 492 3562 monui:
516 3501 552 3560 tu
575 3500 698 3580 tamen,
722 3517 806 3580 ecce,
829 3495 920 3580 legis.

96 3582 157 3652 Sed
182 3588 211 3651 si
232 3586 443 3651 Panniculum
466 3589 593 3668 spectas
617 3592 663 3669 et,
685 3587 792 3670 casta,
811 3583 1038 3664 Latinum,—

138 3676 214 3741 Non
237 3679 315 3740 sunt
336 3675 417 3742 haec
440 3675 552 3742 mimis
575 3674 789 3764 improbiora
811 3711 856 3722 -
872 3673 970 3755 leue.
