2408 4132
340 451 634 508 EPIGRAMMATON
653 452 722 509 LIB.
740 452 787 509 IX.
1003 451 1068 517 205

108 614 179 679 Iam
202 613 392 699 paedagogo
415 614 573 679 liberatus
597 619 630 679 et
652 615 742 679 cuius

108 701 306 767 Refibulavit
328 701 494 787 turgidum
515 703 608 767 faber
629 724 760 787 penem:

108 789 201 854 Nutu
223 793 373 856 vocatum
396 790 499 874 ducis,
523 794 556 855 et
578 790 678 875 pudet
700 790 763 854 fari

109 878 303 962 Catoniana,
327 876 473 962 Chresto,
496 878 584 962 quod
605 877 685 943 facis
708 879 833 964 lingua.

493 990 645 1075 uxum.

109 1107 211 1172 Dulce
235 1107 329 1172 decus
353 1129 501 1190 scaenae,
523 1107 672 1172 ludorum
686 1105 795 1190 ¹fama,
817 1105 953 1188 Latinus

153 1196 215 1260 Ille
238 1217 298 1282 ego
323 1217 408 1280 sum,
430 1197 562 1280 plausus
586 1195 780 1278 deliciaeque
803 1199 892 1278 tuae,

110 1283 173 1360 Qui
195 1287 410 1366 spectatorem
432 1285 524 1368 potui
545 1283 660 1348 fecisse
682 1281 852 1365 Catonem,

155 1370 285 1437 Solvere
309 1371 365 1457 qui
388 1369 502 1438 Ourios
524 1370 752 1455 Fabriciosque
775 1392 897 1454 graves.

82 1458 172 1526 obed
194 1460 275 1524 nihil
299 1483 318 1524 a
340 1463 453 1524 nostro
477 1460 617 1543 sumpsit
639 1481 712 1524 mea
733 1459 803 1524 vita
825 1459 969 1542 theatro,

153 1549 198 1612 Et
222 1549 291 1612 sola
313 1551 442 1613 tantum
466 1548 629 1612 scaenicus
653 1551 722 1611 arte
745 1547 845 1611 feror:

110 1635 180 1701 Neo
202 1640 350 1720 poteram
373 1640 485 1722 gratus
509 1635 638 1701 domino
662 1637 732 1700 sine
755 1635 898 1700 moribus
922 1655 1005 1720 esse3

153 1724 292 1789 Interius
315 1729 437 1788 mentes
461 1724 593 1809 inrpicit
615 1724 672 1788 ille
695 1723 781 1788 deus

109 1812 177 1877 Vos
200 1835 251 1876 me
273 1812 428 1897 laurigeri
450 1814 629 1898 parasitum
652 1812 748 1877 dicite
771 1810 909 1894 Phoebi,

67 1918 100 1967 10
154 1901 260 1966 Roma
282 1901 333 1965 sui
355 1900 513 1966 famulum
537 1901 612 1965 dum
635 1901 718 1965 sciat
741 1921 811 1965 csse
833 1899 930 1987 Iovis

507 2039 624 2106 XXIX.

110 2137 244 2204 Saecula
266 2137 444 2203 Nestoreae
466 2159 649 2222 permensa,
671 2136 831 2219 Philaeni,
855 2138 1013 2219 senectae,

153 2226 260 2312 Rapta
283 2248 317 2290 es
341 2225 382 2289 ad
403 2225 545 2289 infernas
568 2228 635 2288 tam
658 2225 722 2289 cito
745 2224 833 2288 Ditis
856 2224 978 2308 aquas?

109 2314 272 2380 Euboicae
295 2313 437 2380 nondum
459 2312 652 2377 numerabas
676 2313 776 2397 longa
800 2309 942 2395 Sibyllae

154 2403 330 2486 Tempora:
354 2403 458 2466 maior
481 2406 550 2465 erat
573 2401 737 2465 mensibus
761 2400 820 2463 illa
842 2400 955 2463 tribus.

83 2491 182 2556 tHeu
205 2513 286 2575 quae
310 2491 421 2575 lingua
444 2489 531 2553 silet!
554 2511 620 2553 non
641 2489 734 2553 illam
756 2488 845 2552 mille
869 2490 1013 2551 catastae

152 2579 349 2661 Vincebant,
371 2600 429 2642 nec
448 2598 529 2662 quae
552 2578 649 2641 turba
672 2575 809 2658 Sarapin
833 2578 933 2654 amat,

110 2667 178 2733 Nec
200 2666 353 2732 matutini
376 2667 497 2730 cirrata
519 2669 650 2730 caterva
672 2664 833 2749 magistri,

153 2754 221 2820 Nec
245 2777 326 2839 quae
350 2753 533 2839 Strymonio
557 2754 596 2817 de
619 2773 717 2838 grege
740 2754 812 2837 ripa
835 2756 939 2817 sonat.

110 2843 199 2920 Quae
220 2865 306 2908 nunc
328 2842 514 2908 Thessalico
538 2843 647 2906 lunam
670 2841 824 2906 deducere
846 2841 995 2926 rhomb0,

67 2949 100 2997 10
156 2931 243 3007 Quae
267 2931 346 2996 sciet
368 2931 428 2996 hos
451 2932 524 2996 illos
547 2931 684 2995 vendere
707 2930 782 2994 lena
803 2929 916 2996 toros?

110 3019 160 3085 Sit
182 3021 243 3084 tibi
265 3023 352 3084 terra
375 3020 455 3084 levis
478 3020 634 3104 mollique
656 3020 777 3102 tegaris
800 3018 933 3102 harena,
1028 3040 1031 3045 ’

153 3107 204 3173 Ne
227 3113 285 3173 tua
306 3129 372 3173 non
393 3108 521 3192 possint
543 3129 652 3172 emere
675 3128 748 3173 ossa
771 3128 876 3198 canos.

516 3247 608 3314 XXX

109 3345 335 3430 Cappadocum
358 3345 463 3412 sacris
486 3343 650 3409 Antistius
673 3344 790 3410 occidit
812 3344 877 3408 oris

153 3435 313 3500 Rusticus.
349 3433 376 3499 Ο
399 3435 485 3499 tristi
508 3434 639 3498 crimine
661 3437 748 3497 terra
769 3432 902 3496 nocens!

109 3522 250 3588 Rettulit
271 3544 346 3589 ossa
368 3523 442 3588 sinu
464 3523 532 3588 cari
552 3521 692 3605 Nigrina
713 3520 823 3584 mariti

152 3610 197 3676 Et
220 3614 333 3697 questa
355 3615 406 3677 cst
425 3611 541 3695 longas
563 3632 628 3674 non
652 3609 731 3674 satis
754 3630 823 3672 esse
846 3607 929 3690 vias3

81 3696 253 3785 boumque
263 3698 353 3765 daret
362 3701 507 3765 sanctam
516 3698 661 3780 tumulis,
670 3697 787 3781 quibus
796 3694 929 3779 invidet,
943 3716 1066 3777 urnam,

151 3785 234 3854 Visa
253 3787 320 3855 sibi
342 3790 393 3855 cst
413 3789 507 3873 rapto
530 3786 583 3853 bis
604 3786 744 3854 uiduata
759 3784 848 3851 siro.
