2408 4132
95 435 160 500 154
421 433 458 488 11,
480 432 557 489 vnn.
575 431 771 487 ieiunans

137 597 181 661 Di
203 597 360 674 facerent,
382 600 420 659 ut
442 598 479 659 tu
501 595 679 678 loquereris
702 598 736 657 et
758 595 813 658 ille
837 597 973 659 taceret:

183 684 334 748 Offendor
356 684 452 748 cunni
475 683 669 768 garrulitate
692 682 750 747 tui.

138 772 258 836 Pedere
281 775 314 835 te
338 772 467 837 vellem:
491 793 630 855 namque
653 771 715 836 hoc
736 793 796 835 nec
819 771 934 835 inutile
957 770 1040 836 dicit

96 877 129 924 10
184 859 395 944 Symmachus
420 864 453 924 et
475 860 577 923 risum
600 881 652 923 res
675 862 785 923 movet
807 859 873 923 ista
896 858 1011 924 semel:

139 950 218 1026 Quis
241 949 345 1012 ridere
368 951 479 1031 potest
500 947 583 1011 fatui
606 951 825 1031 poppysmata
847 947 966 1012 cunni?

182 1036 264 1102 (lum
288 1042 383 1100 sonat
404 1035 472 1118 liic,
495 1036 545 1100 cui
566 1056 633 1099 non
652 1036 796 1099 mentula
813 1057 968 1118 mensque
992 1036 1106 1102 cadit?

139 1124 199 1190 Dic
223 1125 344 1208 aliquid
367 1124 484 1187 saltem
507 1124 713 1206 clamosoque
737 1123 887 1207 obstrepe
910 1145 1031 1208 cunno,

181 1213 227 1277 Et
250 1213 277 1276 si
301 1212 379 1277 adeo
403 1216 495 1276 muta
517 1233 565 1295 es,
588 1213 674 1275 disce
698 1212 750 1276 vel
773 1212 846 1276 inde
869 1211 968 1294 loqui.

556 1342 634 1407 XIX

139 1432 373 1517 Fragmentum
396 1433 482 1516 quod
504 1431 568 1497 vile
591 1436 688 1515 putas
711 1435 745 1496 et
767 1432 882 1497 inutile
904 1431 1046 1516 lignum,'

182 1520 271 1584 Haec
294 1521 358 1585 fuit
381 1522 485 1605 ignoti
506 1521 613 1603 prima
636 1521 746 1584 carina
767 1521 881 1605 maris,
1015 1597 1019 1604 ,

140 1608 244 1683 Quam
265 1631 324 1673 nec
347 1606 494 1692 Cyaneae
517 1608 678 1692 quondam
701 1612 835 1692 potuere
858 1608 969 1691 ruinae

184 1697 346 1781 Frangere
368 1719 428 1760 nec
452 1695 598 1780 Scythici
620 1696 748 1761 tristior
770 1697 819 1760 ira
840 1696 930 1762 freti

113 1783 275 1849 uSaecula
297 1785 454 1849 vicerunt:
478 1784 534 1848 sed
558 1785 703 1867 quamvis
728 1785 862 1850 cesserit
884 1783 992 1868 annis,

185 1871 335 1936 Sanctior
358 1878 408 1937 est
431 1873 521 1937 salva
543 1894 644 1955 parva
666 1873 788 1938 tabella
811 1877 890 1938 rate.

26 1755 64 1788 Κ

564 2003 625 2068 XX

140 2091 232 2156 Nihil
257 2095 307 2157 est
328 2092 477 2157 miserius
500 2115 604 2177 neque
627 2093 773 2178 gulosius
797 2091 923 2158 Santra.

140 2181 275 2246 Rectam
298 2185 430 2246 vocatus
454 2203 527 2246 cum
550 2182 691 2246 cucurrit
714 2181 754 2245 ad
777 2202 902 2264 cenam,

141 2269 245 2345 Quam
267 2272 318 2334 tot
340 2270 452 2334 diebus
513 2270 688 2379 y'busque
712 2270 890 2363 captavitm
911 2312 924 2323 ·

141 2359 204 2423 Ter
225 2358 331 2441 poscit
354 2359 425 2441 apri
447 2372 533 2443 gan'
583 2381 632 2442 aa,
656 2363 770 2441 qnater
794 2333 979 2440 1111111111,Α

114 2448 185 2511 ant
207 2451 378 2530 utramque
402 2469 515 2511 coxam
538 2446 657 2530 leporis
681 2450 714 2510 et
738 2446 817 2510 duos
840 2466 963 2528 armos,

140 2535 208 2600 Nec
231 2536 558 2618 erubescit‘peierare
582 2536 619 2599 de
643 2535 739 2599 turdo

141 2624 186 2687 111
209 2627 391 2687 ostreorum
413 2645 525 2706 rapere
548 2623 668 2687 lividos
691 2623 801 2687 cirros.

14 2706 26 2717 ”
141 2711 256 2775 Buccis
279 2711 447 2794 placentae
471 2711 634 2775 sordidam
656 2711 731 2776 linit
755 2732 920 2795 mappam;

140 2799 214 2863 lllic
237 2802 270 2861 et
292 2820 372 2862 uvae
396 2799 597 2864 collocantur
620 2799 739 2863 ollares

99 2901 131 2949 10
141 2887 186 2950 ut
208 2886 405 2950 Punicorum
427 2907 529 2968 pauca
552 2907 655 2971 grana
677 2889 837 2951 malorum

142 2974 188 3038 Et
211 2976 384 3038 excavatae
406 2974 501 3056 pellis
524 2974 673 3038 indecens
696 2976 811 3040 volvae

141 3061 187 3126 Et
208 3061 299 3145 lippa
321 3061 400 3125 ficus
424 3061 601 3145 debilisque
623 3062 762 3127 boletus.

143 3149 206 3214 Sed
229 3171 346 3232 mappa
370 3170 443 3212 cum
465 3149 531 3213 iam
554 3151 644 3214 mille
667 3152 828 3235 rumpitur
850 3151 963 3235 furtis,

141 3238 247 3302 Rosos
269 3238 393 3321 tepenti
416 3238 591 3321 spondylos
615 3237 688 3302 sinu
711 3239 820 3303 condit

98 3326 187 3390 15Et
210 3326 362 3391 devorato
386 3325 492 3409 capite
515 3330 676 3391 turturem
698 3330 858 3392 truncum.

142 3413 303 3500 Colligere
326 3415 425 3499 longa
448 3417 542 3497 turpe
564 3436 623 3479 nec
646 3418 741 3497 putat
764 3416 891 3498 dextra,

141 3503 300 3568 Analecta
323 3502 477 3587 quidquid
500 3505 533 3566 et
556 3524 650 3568 canes
673 3504 882 3586 reliquerunt.

140 3590 210 3657 Nec
233 3592 399 3656 esculenta
422 3591 542 3656 sufficit
565 3592 661 3677 gulae
683 3592 815 3675 praeda,

10 3753 13 3756 ,
140 3679 244 3745 Mixto
267 3680 420 3766 lagonam
442 3681 547 3765 replet
570 3680 611 3744 ad
633 3678 730 3764 pedes
753 3680 837 3745 vino.

89 3767 227 3833 aoHaec
245 3791 310 3853 per
331 3769 487 3836 ducentas
505 3791 585 3857 ⁸cum
608 3769 741 3834 domum
763 3769 842 3834 tulit
865 3768 971 3833 scalas
