2408 4132
91 499 157 563 330
416 497 453 552 M.
472 495 554 551 vau.
573 494 771 550 nsurruuls

512 657 674 725 Manuale.

134 755 185 821 Ne
208 762 287 842 toga
309 757 464 821 barbatos
486 755 586 819 faciat
609 755 661 819 vel
684 754 824 839 paenula
847 754 966 834 libros,

178 843 268 909 Haec
290 845 379 908 abies
403 843 525 908 chartis
548 849 697 927 tempora
720 844 820 928 longa
843 843 943 910 dabit.

350 982 507 1048 LXXXV.
530 985 640 1049 Lecton
658 985 841 1066 pavoninus.

134 1090 277 1156 Nomina
299 1089 355 1154 dat
378 1089 519 1172 spondae
542 1090 636 1173 pictis
658 1089 877 1173 pulcherrima
899 1091 1013 1174 pinnis

178 1178 273 1244 Nunc
295 1177 428 1242 Iunonis
453 1178 534 1259 avis,
557 1178 613 1242 sed
636 1177 726 1262 prius
748 1178 859 1264 Argus
883 1181 963 1244 erat.

495 1317 695 1402 Ephippium.

137 1425 291 1511 Stragula
313 1425 468 1489 succincti
490 1430 626 1489 venator
649 1445 739 1489 sume
765 1422 886 1488 veredi:

179 1514 264 1579 Nam
289 1513 373 1578 solet
396 1536 415 1577 a
437 1511 523 1577 nudo
548 1533 679 1599 surgere
701 1513 781 1577 ficus
805 1534 896 1596 equo.

415 1652 606 1718 LXXXVII.
630 1654 780 1720 Stibadia.

136 1750 254 1832 Accipe
279 1750 392 1814 lunata
416 1749 570 1832 scriptum
593 1750 754 1815 testudine
778 1751 892 1836 sigma.

181 1837 260 1902 Octo
284 1839 385 1922 capit3
407 1838 516 1901 veniat
539 1837 684 1922 quisquis
708 1840 831 1904 amicus
854 1839 924 1906 erit

487 1976 711 2044 Gustatorium.

137 2074 324 2139 Femineum
346 2074 440 2139 nobis
463 2074 600 2138 cherson
623 2075 651 2138 si
675 2075 778 2140 credis
801 2076 922 2162 inesse,

181 2162 362 2248 Deciperis:
385 2162 494 2247 pelagi
516 2164 659 2228 mascula
681 2164 801 2247 praeda
825 2186 945 2230 sumus.

378 2302 552 2368 LXXXIX.
575 2304 689 2369 Mensa
711 2306 814 2369 citrea.

138 2402 256 2484 Accipe
279 2400 404 2478 felices,
429 2402 595 2466 Atlantica
617 2422 764 2486 munera,
787 2402 901 2466 silvas:

181 2493 289 2554 Aurea
313 2489 368 2573 qui
392 2489 515 2554 dederit
537 2489 635 2573 dona,
658 2489 784 2554 minora
808 2490 907 2555 dabit.

468 2631 582 2696 Mensa
604 2651 724 2695 acerna.

138 2733 213 2800 Non
235 2757 308 2800 sum
330 2736 436 2818 crispa
459 2736 589 2819 quidem
611 2757 670 2800 nec
694 2737 793 2800 siluae
817 2737 884 2800 filia
906 2735 1062 2826 Maurae,

183 2822 245 2888 Sed
267 2828 387 2887 norunt
409 2824 515 2888 lautas
539 2830 572 2889 et
594 2846 666 2888 mea
688 2825 779 2910 ligna
802 2825 909 2910 dapes.

411 2962 493 3028 xcl.
518 2963 632 3030 Dentes
653 2965 785 3029 ebrornei.

140 3067 283 3134 Grandia
306 3072 474 3133 taurorum
497 3073 631 3153 portant
653 3069 709 3152 qui
731 3092 879 3153 corpora,
902 3073 1053 3158 quaeris,

183 3161 235 3221 An
257 3156 395 3241 Libycus
418 3160 546 3242 possint
568 3157 760 3221 sustinuisse
783 3158 916 3223 trabes?

481 3298 717 3381 Quinquepedal.

138 3403 262 3470 Puncta
283 3405 371 3469 notis
393 3404 458 3468 ilex
481 3409 514 3469 et
538 3410 632 3470 acuta
654 3403 785 3488 cuspide
809 3403 899 3469 clusa

183 3492 285 3578 Saepe
308 3493 522 3577 redemptoris
545 3493 681 3578 prodere
704 3494 792 3556 furta
816 3492 907 3558 solet.

376 3632 493 3698 xum.
516 3633 633 3699 Pocula
655 3634 824 3717 archetypo.

134 3738 211 3806 Non
236 3742 287 3806 est
309 3739 374 3805 ists
397 3760 507 3805 recens
530 3761 589 3804 nec
611 3741 716 3804 nostri
740 3740 845 3824 gloria
866 3738 963 3807 caeli:
1025 3820 1028 3825 Ι

171 3829 307 3899 Primus
333 3832 367 3900 in
391 3829 446 3900 his
469 3829 620 3915 Mentor,
641 3828 722 3894 dum
738 3828 823 3892 tacut
838 3818 1064 3891 uxum.
