2408 4132
347 317 645 384 EPIGRAMMATON
661 322 728 378 LIB.
747 323 807 378 VII.
1021 326 1082 390 161

127 480 243 545 Audiet
264 481 325 545 hoc
348 503 500 563 praesens
523 487 723 568 venturaque
746 485 855 568 turba,
878 485 978 551 fuisse

81 587 113 634 10
167 569 291 652 illito,
315 567 453 634 Senecae
477 571 562 654 quod
584 572 648 635 fuit
669 572 723 636 ille
747 594 817 638 suo.

431 785 434 789 .
530 727 628 793 XLV.
686 737 691 747 “

122 832 264 898 Facundi
287 832 425 899 Senecae
448 839 563 919 potens
587 837 722 920 amicus,

122 920 204 986 Caro
227 923 394 1006 proximus
418 927 475 987 aut
497 924 585 1007 prior
609 922 744 1008 Sereno,
887 1008 889 1012 ,

121 1009 183 1074 Hie
207 1014 257 1074 est
279 1010 440 1075 Maximus
463 1011 532 1092 ille,
556 1033 650 1094 quem
672 1013 835 1096 frequenti

121 1097 210 1161 Felix
233 1099 344 1162 littera
366 1099 487 1184 pagina
510 1100 642 1164 salutat.

94 1185 214 1250 5Hunc
236 1189 274 1250 tu
295 1209 353 1271 per
377 1185 500 1251 Siculas
524 1191 651 1252 secutus
674 1189 789 1274 undas,

121 1273 147 1338 Ο
170 1275 283 1356 nullis,
307 1274 413 1359 Ovidi,
437 1275 570 1340 tacende
593 1276 727 1361 linguis,
748 1289 751 1294 ’

121 1361 281 1446 Sprevisti
304 1363 426 1427 domini
448 1363 585 1428 furentis
608 1364 683 1428 iras.

119 1449 254 1515 Miretur
275 1451 420 1534 Pyladen
443 1475 537 1517 suum
559 1455 718 1536 vetustas,
803 1459 846 1523 l

119 1539 235 1604 Haesit
258 1540 313 1624 qui
335 1563 442 1606 comes
466 1541 551 1605 exuli
573 1542 730 1625 parentis:

78 1645 109 1692 ιο
120 1628 199 1704 Quis
223 1628 410 1693 discrImina
433 1632 598 1715 comparet
622 1628 779 1695 duorum?
857 1708 868 1714 α

118 1715 262 1781 Haesisti
285 1739 392 1782 eomes
416 1719 501 1782 exuli
523 1716 673 1783 Neronis.

517 1876 632 1941 XLVI.

118 1979 350 2045 Commendare
373 1985 464 2045 tuum
488 1981 563 2045 dum
585 1983 633 2045 111
657 1982 739 2047 mihi
762 1985 903 2050 carmine
927 2008 1042 2050 munus

161 2068 374 2152 Maeonioque
397 2069 487 2151 cupis
511 2069 635 2133 doctius
659 2092 713 2134 ore
736 2071 839 2154 loqui,

116 2156 292 2221 Excrucias
314 2156 427 2220 multis
451 2157 572 2240 parIter
594 2179 645 2221 me
668 2161 763 2240 teque
788 2159 913 2243 diebus,

160 2244 206 2309 Et
228 2249 286 2309 tua
309 2245 348 2310 de
370 2249 497 2326 nostre,
520 2244 642 2328 Prisce,
665 2245 782 2309 Thalia
805 2251 900 2312 tacet.

89 2333 280 2398 sDivitibus
303 2333 426 2417 poteris
449 2355 558 2397 musas
582 2334 753 2417 elegosque
778 2338 930 2400 sonantes

159 2422 303 2487 Mittere:
326 2421 521 2507 pauperibus
545 2443 678 2485 munera
700 2422 778 2498 πεζὰ
801 2422 885 2488 dato.

507 2578 638 2644 XLVII.

113 2686 294 2751 Doctorum
315 2685 420 2750 Licini
442 2686 646 2750 celeberrime
670 2685 750 2751 Sura
772 2687 929 2772 virorum,

159 2771 257 2839 Cuius
279 2774 386 2857 prisca
409 2794 524 2858 graves
547 2774 660 2860 lingua
682 2774 811 2839 reduxit
833 2799 924 2860 1101,

113 2861 269 2926 Redderis
290 2898 328 2908 —
348 2862 424 2945 heu,
448 2865 568 2946 quanto
587 2862 727 2927 fatorum
746 2867 889 2929 munere!
908 2903 945 2911 —
963 2867 1059 2931 nobis

158 2949 297 3024 Gustata
319 2950 438 3014 Lethes
461 2972 562 3034 paene
584 2951 738 3015 remissus
763 2975 855 3035 aqua.
1062 2917 1127 3047 l&

84 3037 322 3103 5Perdiderant
343 3039 408 3103 iam
431 3041 508 3103 vota
531 3042 653 3103 metum
677 3060 851 3124 securaque
874 3040 971 3105 flebat

158 3126 306 3190 Tristitia
330 3130 363 3191 et
385 3126 526 3191 lacrimis
549 3128 677 3212 iamque
700 3132 850 3213 peractus
874 3151 958 3193 eras:

113 3213 187 3279 Non
210 3215 288 3279 tulit
310 3214 464 3280 invidiam
486 3214 579 3278 taciti
602 3220 756 3301 regnator
778 3215 900 3280 Averni

156 3302 200 3365 Et
223 3307 334 3386 raptas
356 3302 446 3367 Fatis
469 3303 607 3367 reddidit
629 3304 699 3387 ipse
722 3305 819 3369 colus.

112 3389 180 3456 Scis
203 3391 318 3476 igitur,
342 3395 480 3475 quantas
503 3391 670 3456 hominum
694 3414 781 3456 mors
803 3393 888 3457 falsa
909 3395 1070 3476 querellas

68 3495 101 3544 10
154 3479 306 3562 Moverit,
329 3483 362 3544 et
384 3479 500 3544 frueris
523 3479 714 3562 posteritate
737 3483 801 3544 tua.

111 3567 194 3634 Vive
217 3568 307 3632 velut
329 3573 423 3652 rapto
445 3567 646 3654 fugitivaque
669 3568 789 3653 gaudia
812 3590 919 3652 carpe:

153 3655 333 3722 Perdiderit
354 3657 483 3725 nullum
505 3657 577 3724 uita
597 3678 736 3725 rerersa
756 3656 859 3722 diem.

106 3768 188 3808 nnn.
914 3762 957 3808 XX
