2408 4132
353 487 651 544 EPIGRAMMATON
667 488 735 545 LlB.
754 489 800 545 XI.
1017 489 1080 554 277

497 649 656 715 LXXXV.

121 756 229 822 Sidere
252 777 406 841 percussa
430 759 479 821 est
502 757 611 822 subito
634 754 710 841 tibi.
733 756 835 842 Zoile,
859 757 985 843 lingua,

163 846 250 911 Dum
273 845 380 928 lingis.
417 843 526 928 Certe,
550 844 654 929 Zoile‚
676 867 761 911 nunc
783 847 899 911 futues.

491 985 667 1051 LXXXVI.

118 1092 236 1158 Leniat
257 1096 295 1156 ut
317 1093 426 1156 fauces
449 1091 604 1174 medicus,
628 1114 707 1177 quas
731 1114 845 1176 aspera
868 1098 963 1158 vexat

163 1180 306 1245 Adsidue
328 1180 443 1265 tussis,
465 1180 725 1264 Parthenopaeo,
748 1181 822 1265 tibi,

119 1270 218 1334 Mella
241 1268 312 1333 dari
333 1270 527 1352 nucleosque
550 1269 640 1334 iubet
662 1269 834 1353 dulcesque
856 1271 1021 1353 placentas

164 1357 209 1422 Et
233 1357 388 1442 quidquid
410 1379 528 1440 pueros
550 1379 616 1422 non
640 1358 717 1423 sinit
741 1379 810 1422 esse
834 1361 949 1422 truces.

93 1445 166 1512 cAt
188 1449 224 1511 tu
246 1467 312 1511 non
335 1467 442 1511 cessas
465 1446 544 1510 totis
567 1445 685 1511 tussire
709 1445 830 1511 diebus.

163 1532 240 1606 Non
263 1537 313 1599 est
335 1534 415 1600 haec
439 1534 552 1613 tussis,
573 1533 833 1618 Parthenopaeo,
857 1536 934 1618 gula
958 1536 1015 1599 est.

484 1692 677 1758 LXXXVII.

119 1799 219 1864 Dives
243 1821 315 1864 eras
340 1799 515 1884 quondam:
539 1801 595 1864 sed
618 1803 695 1865 tune
717 1799 851 1885 paedico
874 1799 979 1884 fuisti,

164 1889 209 1952 111
232 1888 295 1952 tibi
316 1888 408 1952 nulla
431 1889 485 1953 diu
507 1888 631 1953 femina
652 1892 734 1953 nota
756 1888 827 1953 fuit.

118 1974 214 2041 Nunc
238 1973 383 2040 sectaris¹
396 1998 485 2042 anus.
522 1976 549 2041 Ο
574 1981 731 2061 quantum
755 1977 844 2062 cogit
868 1977 1009 2060 egestas!

164 2065 229 2129 Illa
249 2065 428 2129 fututorem
451 2069 498 2148 te,
522 2063 728 2150 Charilam,
750 2064 840 2130 facit.

477 2221 687 2287 LXXXVIII.

119 2329 233 2396 Multis
257 2329 337 2414 iam,
359 2329 463 2412 Lupe,
485 2350 581 2412 posse
605 2350 639 2393 se
662 2328 775 2392 diebus

119 2418 293 2484 Paedieare
316 2424 416 2503 negat
435 2415 652 2482 Charisianus.

122 2506 261 2588 Causam
285 2529 357 2572 cum
381 2504 476 2571 modo
501 2508 692 2591 quaererent
716 2502 855 2588 sodales,

120 2594 277 2660 Ventrem
300 2594 381 2660 dixit
402 2594 521 2659 habere
546 2615 579 2658 se
603 2593 755 2658 solutum.

492 2751 669 2816 LXXXIX.

120 2859 264 2925 Intactas
289 2881 387 2944 quare
411 2859 515 2924 mittis
539 2859 633 2941 mihi,
657 2857 762 2942 Polla,
786 2857 942 2924 coronas?

165 2949 251 3014 Ate
275 2954 408 3013 vexatas
432 2949 518 3013 malo
542 2953 651 3012 tenere
674 2969 776 3012 rosas.

550 3105 617 3174 XO.

123 3212 277 3279 Carmina
299 3214 390 3279 nulla
412 3215 531 3298 probas
555 3212 648 3279 molli
671 3235 754 3297 quae
776 3213 880 3277 limite
904 3215 1049 3294 currunt,

167 3301 227 3368 sed
252 3324 333 3388 quae
357 3324 415 3386 per
438 3303 583 3367 salebras
607 3302 737 3385 altaque
761 3322 838 3364 saxa
861 3300 992 3382 cadunt,

122 3389 167 3454 Et
188 3391 251 3455 tibi
272 3390 422 3456 Maeonio
445 3412 572 3475 quoque
596 3391 737 3455 carmine
759 3390 865 3452 maius
890 3388 1029 3453 habetur

167 3479 303 3545 [nicalai
324 3479 483 3544 columella
505 3479 570 3543 tete
591 3478 663 3544 situ'
686 3476 919 3559 Metrophanem

96 3567 357 3652 cAttonitusque
379 3568 462 3650 legis
484 3571 580 3632 terrai
600 3567 782 3648 fraqistnai,

169 3655 287 3720 Accius
311 3660 344 3721 et
367 3654 520 3741 quidquid
543 3653 767 3739 Pacuviusque
789 3657 932 3718 vomunt.

121 3742 182 3809 Vis
205 3744 316 3809 imiter
337 3748 478 3829 veteres,
499 3741 689 3824 Chrestilla
711 3747 849 3829 tuosque
872 3741 1007 3827 qcetas‘l

166 3830 373 3923 Dispeream.
393 3831 430 3899 ni
452 3830 533 3901 scia
551 3830 710 3903 mentula
731 3830 817 3925 quit
835 3831 964 3921 saqiat.
